@preamble{
   "\def\cprime{$'$} "
}

@article {AGMS,
    AUTHOR = {Acinas, S. and Giubergia, G. and Mazzone, F.
              and Schwindt, E.},
     TITLE = {On estimates for the period of solutions of equations
              involving the {$\phi$}-{L}aplace operator},
   JOURNAL = {J. Abstr. Differ. Equ. Appl.},
  FJOURNAL = {Journal of Abstract Differential Equations and Applications},
    VOLUME = {5},
      YEAR = {2014},
    NUMBER = {1},
     PAGES = {21--34},
      ISSN = {2158-611X},
   MRCLASS = {34C25},
  MRNUMBER = {3258843},
}


@book {adams_sobolev,
    AUTHOR = {Adams, R. and Fournier, J.},
     TITLE = {Sobolev spaces},
    SERIES = {Pure and Applied Mathematics (Amsterdam)},
    VOLUME = {140},
   EDITION = {Second},
 PUBLISHER = {Elsevier/Academic Press, Amsterdam},
      YEAR = {2003},
     PAGES = {xiv+305},
      ISBN = {0-12-044143-8},
   MRCLASS = {46E35 (46-01 46-02 46B70 46Exx)},
  MRNUMBER = {2424078 (2009e:46025)},
}


@book {ambrosetti,
    AUTHOR = {Ambrosetti, A. and Prodi, G.},
     TITLE = {A primer of nonlinear analysis},
    SERIES = {Cambridge Studies in Advanced Mathematics},
    VOLUME = {34},
      NOTE = {Corrected reprint of the 1993 original},
 PUBLISHER = {Cambridge University Press, Cambridge},
      YEAR = {1995},
     PAGES = {viii+171},
      ISBN = {0-521-48573-8},
   MRCLASS = {58C15 (35J60 46N20 47H15 47N20 58E07)},
  MRNUMBER = {1336591 (96a:58019)},
}


@article {C-2007,
    AUTHOR = {Bereanu, C. and Mawhin, J.},
     TITLE = {Existence and multiplicity results for some nonlinear problems
              with singular {$\phi$}-{L}aplacian},
   JOURNAL = {J. Differential Equations},
  FJOURNAL = {Journal of Differential Equations},
    VOLUME = {243},
      YEAR = {2007},
    NUMBER = {2},
     PAGES = {536--557},
      ISSN = {0022-0396},
     CODEN = {JDEQAK},
   MRCLASS = {34B16 (34C25)},
  MRNUMBER = {2371799 (2008j:34022)},
MRREVIEWER = {M. Tvrd{\'y}},
       DOI = {10.1016/j.jde.2007.05.014},
       URL = {http://dx.doi.org/10.1016/j.jde.2007.05.014},
}


@article {C-2009,
    AUTHOR = {Bereanu, C. and Mawhin, J.},
     TITLE = {Nonhomogeneous boundary value problems for some nonlinear
              equations with singular {$\phi$}-{L}aplacian},
   JOURNAL = {J. Math. Anal. Appl.},
  FJOURNAL = {Journal of Mathematical Analysis and Applications},
    VOLUME = {352},
      YEAR = {2009},
    NUMBER = {1},
     PAGES = {218--233},
      ISSN = {0022-247X},
     CODEN = {JMANAK},
   MRCLASS = {34B15},
  MRNUMBER = {2499899 (2010c:34025)},
       DOI = {10.1016/j.jmaa.2008.04.025},
       URL = {http://dx.doi.org/10.1016/j.jmaa.2008.04.025},
}


@article {Cristia-2008,
    AUTHOR = {Bereanu, C. and Mawhin, J.},
     TITLE = {Periodic solutions of nonlinear perturbations of
              {$\phi$}-{L}aplacians with possibly bounded {$\phi$}},
   JOURNAL = {Nonlinear Anal.},
  FJOURNAL = {Nonlinear Analysis. Theory, Methods \& Applications. An
              International Multidisciplinary Journal. Series A: Theory and
              Methods},
    VOLUME = {68},
      YEAR = {2008},
    NUMBER = {6},
     PAGES = {1668--1681},
      ISSN = {0362-546X},
     CODEN = {NOANDD},
   MRCLASS = {34C25 (34B15 47H11 47N20)},
  MRNUMBER = {2388840 (2009a:34075)},
MRREVIEWER = {Rafael Ortega},
       DOI = {10.1016/j.na.2006.12.049},
       URL = {http://dx.doi.org/10.1016/j.na.2006.12.049},
}


@article {cianchi2000fully,
    AUTHOR = {Cianchi, A.},
     TITLE = {A fully anisotropic {S}obolev inequality},
   JOURNAL = {Pacific J. Math.},
  FJOURNAL = {Pacific Journal of Mathematics},
    VOLUME = {196},
      YEAR = {2000},
    NUMBER = {2},
     PAGES = {283--295},
      ISSN = {0030-8730},
     CODEN = {PJMAAI},
   MRCLASS = {46E35 (26D15)},
  MRNUMBER = {1800578 (2002c:46065)},
MRREVIEWER = {Zindine Djadli},
       DOI = {10.2140/pjm.2000.196.283},
       URL = {http://dx.doi.org/10.2140/pjm.2000.196.283},
}


@article {cianchi2000local,
    AUTHOR = {Cianchi, A.},
     TITLE = {Local boundedness of minimizers of anisotropic functionals},
   JOURNAL = {Ann. Inst. H. Poincar\'e Anal. Non Lin\'eaire},
  FJOURNAL = {Annales de l'Institut Henri Poincar\'e. Analyse Non
              Lin\'eaire},
    VOLUME = {17},
      YEAR = {2000},
    NUMBER = {2},
     PAGES = {147--168},
      ISSN = {0294-1449},
   MRCLASS = {49N60 (49J10)},
  MRNUMBER = {1753091 (2001b:49051)},
MRREVIEWER = {Martin Fuchs},
       DOI = {10.1016/S0294-1449(99)00107-9},
       URL = {http://dx.doi.org/10.1016/S0294-1449(99)00107-9},
}


@incollection {cianchi1999some,
    AUTHOR = {Cianchi, A.},
     TITLE = {Some results in the theory of {O}rlicz spaces and applications
              to variational problems},
 BOOKTITLE = {Nonlinear analysis, function spaces and applications, {V}ol. 6
              ({P}rague, 1998)},
     PAGES = {50--92},
 PUBLISHER = {Acad. Sci. Czech Repub., Prague},
      YEAR = {1999},
   MRCLASS = {46E35 (35J20 46M35 49J10)},
  MRNUMBER = {1777712 (2001i:46046)},
MRREVIEWER = {Agnieszka Ka{\l}amajska},
}



@article {cianchi1999gradient,
    AUTHOR = {Cianchi, A. and Fusco, N.},
     TITLE = {Gradient regularity for minimizers under general growth
              conditions},
   JOURNAL = {J. Reine Angew. Math.},
  FJOURNAL = {Journal f\"ur die Reine und Angewandte Mathematik},
    VOLUME = {507},
      YEAR = {1999},
     PAGES = {15--36},
      ISSN = {0075-4102},
     CODEN = {JRMAA8},
   MRCLASS = {49N60 (49J99)},
  MRNUMBER = {1670258 (99m:49062)},
MRREVIEWER = {Elvira Mascolo},
       DOI = {10.1515/crll.1999.507.15},
       URL = {http://dx.doi.org/10.1515/crll.1999.507.15},
}


@misc {claverooptimal,
   author = {Clavero, N.},
   title = {Optimal {S}obolev embeddings and {F}unction {S}paces},
   year = {2011},
  howpublished = {\url{http://www.maia.ub.edu/~soria/sobolev1.pdf}}
 }


@misc {driver,
   author = {Driver, B.},
   title = {Analysis Tools with Applications},
   year = {2003},
  howpublished = {\url{http://www.math.ucsd.edu/~bdriver/231-02-03/Lecture_Notes/PDE-Anal-Book/analpde1.pdf}}
  }
 





@article {edmunds2000optimal,
    AUTHOR = {Edmunds, D.  and Kerman, R. and Pick, L.},
     TITLE = {Optimal {S}obolev imbeddings involving rearrangement-invariant
              quasinorms},
   JOURNAL = {J. Funct. Anal.},
  FJOURNAL = {Journal of Functional Analysis},
    VOLUME = {170},
      YEAR = {2000},
    NUMBER = {2},
     PAGES = {307--355},
      ISSN = {0022-1236},
     CODEN = {JFUAAW},
   MRCLASS = {46E35 (46E30)},
  MRNUMBER = {1740655 (2000m:46070)},
MRREVIEWER = {Maria A. Ragusa},
       DOI = {10.1006/jfan.1999.3508},
       URL = {http://dx.doi.org/10.1006/jfan.1999.3508},
}


@book {ekeland1999convex,
    AUTHOR = {Ekeland, I. and T{\'e}mam, R.},
     TITLE = {Convex analysis and variational problems},
    SERIES = {Classics in Applied Mathematics},
    VOLUME = {28},
   EDITION = {English},
      NOTE = {Translated from the French},
 PUBLISHER = {Society for Industrial and Applied Mathematics (SIAM),
              Philadelphia, PA},
      YEAR = {1999},
     PAGES = {xiv+402},
      ISBN = {0-89871-450-8},
   MRCLASS = {49-02 (01A75 49J53 90C46)},
  MRNUMBER = {1727362 (2000j:49001)},
       DOI = {10.1137/1.9781611971088},
       URL = {http://dx.doi.org/10.1137/1.9781611971088},
}




  
@article {M-1999,
    AUTHOR = {Garc{\'{\i}}a-Huidobro, M. and Le, V. and Man{\'a}sevich,
              R. and Schmitt, K.},
     TITLE = {On principal eigenvalues for quasilinear elliptic differential
              operators: an {O}rlicz-{S}obolev space setting},
   JOURNAL = {NoDEA Nonlinear Differential Equations Appl.},
  FJOURNAL = {NoDEA. Nonlinear Differential Equations and Applications},
    VOLUME = {6},
      YEAR = {1999},
    NUMBER = {2},
     PAGES = {207--225},
      ISSN = {1021-9722},
     CODEN = {NDEAFL},
   MRCLASS = {35P30 (35J60 47J10 47N20)},
  MRNUMBER = {1694787 (2000d:35174)},
MRREVIEWER = {Jan Bochenek},
       DOI = {10.1007/s000300050073},
       URL = {http://dx.doi.org/10.1007/s000300050073},
}
		

@article {hudzik2000amemiya,
    AUTHOR = {Hudzik, H. and Maligranda, L.},
     TITLE = {Amemiya norm equals {O}rlicz norm in general},
   JOURNAL = {Indag. Math. (N.S.)},
  FJOURNAL = {Koninklijke Nederlandse Akademie van Wetenschappen.
              Indagationes Mathematicae. New Series},
    VOLUME = {11},
      YEAR = {2000},
    NUMBER = {4},
     PAGES = {573--585},
      ISSN = {0019-3577},
   MRCLASS = {46E30 (46A80 46B42)},
  MRNUMBER = {1909821 (2003e:46039)},
MRREVIEWER = {Marian Nowak},
       DOI = {10.1016/S0019-3577(00)80026-9},
       URL = {http://dx.doi.org/10.1016/S0019-3577(00)80026-9},
}

@article {kato1964demicontinuity,
    AUTHOR = {Kato, T.},
     TITLE = {Demicontinuity, hemicontinuity and monotonicity},
   JOURNAL = {Bull. Amer. Math. Soc.},
  FJOURNAL = {Bulletin of the American Mathematical Society},
    VOLUME = {70},
      YEAR = {1964},
     PAGES = {548--550},
      ISSN = {0002-9904},
   MRCLASS = {47.80},
  MRNUMBER = {0163198 (29 \#501)},
MRREVIEWER = {G. J. Minty},
}


@article {kerman2006optimal,
    AUTHOR = {Kerman, R. and Pick, L.},
     TITLE = {Optimal {S}obolev imbeddings},
   JOURNAL = {Forum Math.},
  FJOURNAL = {Forum Mathematicum},
    VOLUME = {18},
      YEAR = {2006},
    NUMBER = {4},
     PAGES = {535--570},
      ISSN = {0933-7741},
     CODEN = {FOMAEF},
   MRCLASS = {46E35 (46E30)},
  MRNUMBER = {2254384 (2007g:46052)},
MRREVIEWER = {Dorothee D. Haroske},
       DOI = {10.1515/FORUM.2006.028},
       URL = {http://dx.doi.org/10.1515/FORUM.2006.028},
}



@book {KR,
    AUTHOR = {Krasnosel{\cprime}ski{\u\i}, M. A. and Ruticki{\u\i}, Ja. B.},
     TITLE = {Convex functions and {O}rlicz spaces},
    SERIES = {Translated from the first Russian edition by Leo F. Boron},
 PUBLISHER = {P. Noordhoff Ltd., Groningen},
      YEAR = {1961},
     PAGES = {xi+249},
   MRCLASS = {46.35},
  MRNUMBER = {0126722 (23 \#A4016)},
}

@book {M,
    AUTHOR = {Maligranda, L.},
     TITLE = {Orlicz spaces and interpolation},
    SERIES = {Semin\'arios de Matem\'atica [Seminars in Mathematics]},
    VOLUME = {5},
 PUBLISHER = {Universidade Estadual de Campinas, Departamento de
              Matem\'atica, Campinas},
      YEAR = {1989},
     PAGES = {iii+206},
   MRCLASS = {46E30 (46-01 46B70 46M35)},
  MRNUMBER = {2264389 (2007e:46025)},
}


@article {manasevich2000boundary,
    AUTHOR = {Man{\'a}sevich, R. and Mawhin, J.},
     TITLE = {Boundary value problems for nonlinear perturbations of vector
              {$p$}-{L}aplacian-like operators},
   JOURNAL = {J. Korean Math. Soc.},
  FJOURNAL = {Journal of the Korean Mathematical Society},
    VOLUME = {37},
      YEAR = {2000},
    NUMBER = {5},
     PAGES = {665--685},
      ISSN = {0304-9914},
     CODEN = {JKMSDG},
   MRCLASS = {34B15 (47H05 47H10 47H11)},
  MRNUMBER = {1783579 (2001g:34023)},
MRREVIEWER = {Idris Addou},
}


@article {manasevich1998periodic,
    AUTHOR = {Man{\'a}sevich, R. and Mawhin, J.},
     TITLE = {Periodic solutions for nonlinear systems with
              {$p$}-{L}aplacian-like operators},
   JOURNAL = {J. Differential Equations},
  FJOURNAL = {Journal of Differential Equations},
    VOLUME = {145},
      YEAR = {1998},
    NUMBER = {2},
     PAGES = {367--393},
      ISSN = {0022-0396},
     CODEN = {JDEQAK},
   MRCLASS = {34B15 (34C25 47H15)},
  MRNUMBER = {1621038 (99c:34034)},
MRREVIEWER = {Pedro Mart{\'{\i}}nez-Amores},
       DOI = {10.1006/jdeq.1998.3425},
       URL = {http://dx.doi.org/10.1006/jdeq.1998.3425},
}


@book {mawhin2010critical,
    AUTHOR = {Mawhin, J. and Willem, M.},
     TITLE = {Critical point theory and {H}amiltonian systems},
    SERIES = {Applied Mathematical Sciences},
    VOLUME = {74},
 PUBLISHER = {Springer-Verlag, New York},
      YEAR = {1989},
     PAGES = {xiv+277},
      ISBN = {0-387-96908-X},
   MRCLASS = {58E05 (34C30 49F15 58F05 70H05)},
  MRNUMBER = {982267 (90e:58016)},
MRREVIEWER = {Michele Matzeu},
       DOI = {10.1007/978-1-4757-2061-7},
       URL = {http://dx.doi.org/10.1007/978-1-4757-2061-7},
}


@book {rao1991theory,
    AUTHOR = {Rao, M. M. and Ren, Z. D.},
     TITLE = {Theory of {O}rlicz spaces},
    SERIES = {Monographs and Textbooks in Pure and Applied Mathematics},
    VOLUME = {146},
 PUBLISHER = {Marcel Dekker, Inc., New York},
      YEAR = {1991},
     PAGES = {xii+449},
      ISBN = {0-8247-8478-2},
   MRCLASS = {46E30 (46-02 47-02)},
  MRNUMBER = {1113700 (92e:46059)},
MRREVIEWER = {Ting Fu Wang},
       DOI = {10.1080/03601239109372748},
       URL = {http://dx.doi.org/10.1080/03601239109372748},
}


@book {2002applications,
    AUTHOR = {Rao, M. M. and Ren, Z. D.},
     TITLE = {Applications of {O}rlicz spaces},
    SERIES = {Monographs and Textbooks in Pure and Applied Mathematics},
    VOLUME = {250},
 PUBLISHER = {Marcel Dekker, Inc., New York},
      YEAR = {2002},
     PAGES = {xii+464},
      ISBN = {0-8247-0730-3},
   MRCLASS = {46E30 (42B35 46B20 46N20 47B38 47H30 60G48)},
  MRNUMBER = {1890178 (2003e:46041)},
MRREVIEWER = {Alberto Fiorenza},
       DOI = {10.1201/9780203910863},
       URL = {http://dx.doi.org/10.1201/9780203910863},
}




@book {rockafellar2009variational,
    AUTHOR = {Rockafellar, R. T. and Wets, R.},
     TITLE = {Variational analysis},
    SERIES = {Grundlehren der Mathematischen Wissenschaften [Fundamental
              Principles of Mathematical Sciences]},
    VOLUME = {317},
 PUBLISHER = {Springer-Verlag, Berlin},
      YEAR = {1998},
     PAGES = {xiv+733},
      ISBN = {3-540-62772-3},
   MRCLASS = {49-02 (46N10 47N10 49J52 49K40 90C30)},
  MRNUMBER = {1491362 (98m:49001)},
MRREVIEWER = {Francis H. Clarke},
       DOI = {10.1007/978-3-642-02431-3},
       URL = {http://dx.doi.org/10.1007/978-3-642-02431-3},
}


@article {Orliczvectorial2005,
    AUTHOR = {Schappacher, G.},
     TITLE = {A notion of {O}rlicz spaces for vector valued functions},
   JOURNAL = {Appl. Math.},
  FJOURNAL = {Applications of Mathematics},
    VOLUME = {50},
      YEAR = {2005},
    NUMBER = {4},
     PAGES = {355--386},
      ISSN = {0862-7940},
   MRCLASS = {46E40 (46B10 46E30)},
  MRNUMBER = {2151462 (2006b:46045)},
MRREVIEWER = {Enrique Alfonso S{\'a}nchez-P{\'e}rez},
       DOI = {10.1007/s10492-005-0028-9},
       URL = {http://dx.doi.org/10.1007/s10492-005-0028-9},
}



@book {struwe2008variational,
    AUTHOR = {Struwe, M.},
     TITLE = {Variational methods},
    SERIES = {Ergebnisse der Mathematik und ihrer Grenzgebiete. 3. Folge. A
              Series of Modern Surveys in Mathematics [Results in
              Mathematics and Related Areas. 3rd Series. A Series of Modern
              Surveys in Mathematics]},
    VOLUME = {34},
   EDITION = {Fourth},
      NOTE = {Applications to nonlinear partial differential equations and
              Hamiltonian systems},
 PUBLISHER = {Springer-Verlag, Berlin},
      YEAR = {2008},
     PAGES = {xx+302},
      ISBN = {978-3-540-74012-4},
   MRCLASS = {49-02 (34C25 35A15 35F20 37J45 47J30 49J10 58E05)},
  MRNUMBER = {2431434 (2009g:49002)},
}



@article {tang1998periodic,
    AUTHOR = {Tang, C.-L.},
     TITLE = {Periodic solutions for nonautonomous second order systems with
              sublinear nonlinearity},
   JOURNAL = {Proc. Amer. Math. Soc.},
  FJOURNAL = {Proceedings of the American Mathematical Society},
    VOLUME = {126},
      YEAR = {1998},
    NUMBER = {11},
     PAGES = {3263--3270},
      ISSN = {0002-9939},
     CODEN = {PAMYAR},
   MRCLASS = {34C25},
  MRNUMBER = {1476396 (99a:34122)},
MRREVIEWER = {Gabriella Tarantello},
       DOI = {10.1090/S0002-9939-98-04706-6},
       URL = {http://dx.doi.org/10.1090/S0002-9939-98-04706-6},
}


@article {tang1995periodic,
    AUTHOR = {Tang, C.-L.},
     TITLE = {Periodic solutions of non-autonomous second order systems with
              {$\gamma$}-quasisubadditive potential},
   JOURNAL = {J. Math. Anal. Appl.},
  FJOURNAL = {Journal of Mathematical Analysis and Applications},
    VOLUME = {189},
      YEAR = {1995},
    NUMBER = {3},
     PAGES = {671--675},
      ISSN = {0022-247X},
     CODEN = {JMANAK},
   MRCLASS = {34C25 (49J99)},
  MRNUMBER = {1312546 (96a:34090)},
MRREVIEWER = {Patricio L. Felmer},
       DOI = {10.1006/jmaa.1995.1044},
       URL = {http://dx.doi.org/10.1006/jmaa.1995.1044},
}



@article {tang2001periodic,
    AUTHOR = {Tang, C.  -L.  and Wu, X.-P.},
     TITLE = {Periodic solutions for second order systems with not uniformly
              coercive potential},
   JOURNAL = {J. Math. Anal. Appl.},
  FJOURNAL = {Journal of Mathematical Analysis and Applications},
    VOLUME = {259},
      YEAR = {2001},
    NUMBER = {2},
     PAGES = {386--397},
      ISSN = {0022-247X},
     CODEN = {JMANAK},
   MRCLASS = {34C25 (34B15 47J30 58E05)},
  MRNUMBER = {1842066 (2002e:34070)},
MRREVIEWER = {Kurt Munk Andersen},
       DOI = {10.1006/jmaa.2000.7401},
       URL = {http://dx.doi.org/10.1006/jmaa.2000.7401},
}



@article {tang2010periodic,
    AUTHOR = {Tang, X.      and Zhang, X.},
     TITLE = {Periodic solutions for second-order {H}amiltonian systems with
              a {$p$}-{L}aplacian},
   JOURNAL = {Ann. Univ. Mariae Curie-Sk\l odowska Sect. A},
  FJOURNAL = {Annales Universitatis Mariae Curie-Sk\l odowska. Sectio A.
              Mathematica},
    VOLUME = {64},
      YEAR = {2010},
    NUMBER = {1},
     PAGES = {93--113},
      ISSN = {0365-1029},
   MRCLASS = {37J45 (34C25 49J05 58E05)},
  MRNUMBER = {2735506 (2012b:37164)},
MRREVIEWER = {Vittorio Coti Zelati},
       DOI = {10.2478/v10062-010-0008-8},
       URL = {http://dx.doi.org/10.2478/v10062-010-0008-8},
}


@article {Tian2007192,
    AUTHOR = {Tian, Y. and Ge, W.},
     TITLE = {Periodic solutions of non-autonomous second-order systems with
              a {$p$}-{L}aplacian},
   JOURNAL = {Nonlinear Anal.},
  FJOURNAL = {Nonlinear Analysis. Theory, Methods \& Applications. An
              International Multidisciplinary Journal. Series A: Theory and
              Methods},
    VOLUME = {66},
      YEAR = {2007},
    NUMBER = {1},
     PAGES = {192--203},
      ISSN = {0362-546X},
     CODEN = {NOANDD},
   MRCLASS = {34B15 (34C25 35B10 37J45)},
  MRNUMBER = {2271646 (2007i:34033)},
MRREVIEWER = {Miguel Ramos},
       DOI = {10.1016/j.na.2005.11.020},
       URL = {http://dx.doi.org/10.1016/j.na.2005.11.020},
}


@article {wu1999periodic,
    AUTHOR = {Wu, X.-P.   and Tang, C.-L.},
     TITLE = {Periodic solutions of a class of non-autonomous second-order
              systems},
   JOURNAL = {J. Math. Anal. Appl.},
  FJOURNAL = {Journal of Mathematical Analysis and Applications},
    VOLUME = {236},
      YEAR = {1999},
    NUMBER = {2},
     PAGES = {227--235},
      ISSN = {0022-247X},
     CODEN = {JMANAK},
   MRCLASS = {34C25 (37J45 58E05)},
  MRNUMBER = {1704579 (2000g:34069)},
MRREVIEWER = {Addolorata Salvatore},
       DOI = {10.1006/jmaa.1999.6408},
       URL = {http://dx.doi.org/10.1006/jmaa.1999.6408},
}



@article {xu2007some,
    AUTHOR = {Xu, B. and Tang, C.-L.},
     TITLE = {Some existence results on periodic solutions of ordinary
              {$p$}-{L}aplacian systems},
   JOURNAL = {J. Math. Anal. Appl.},
  FJOURNAL = {Journal of Mathematical Analysis and Applications},
    VOLUME = {333},
      YEAR = {2007},
    NUMBER = {2},
     PAGES = {1228--1236},
      ISSN = {0022-247X},
     CODEN = {JMANAK},
   MRCLASS = {34C25 (34B15 47J30)},
  MRNUMBER = {2331727 (2008c:34090)},
MRREVIEWER = {Miguel Ramos},
       DOI = {10.1016/j.jmaa.2006.11.051},
       URL = {http://dx.doi.org/10.1016/j.jmaa.2006.11.051},
}


@article {ye2008periodic,
    AUTHOR = {Ye, Y.-W. and Tang, C.-L.},
     TITLE = {Periodic solutions for some nonautonomous second order
              {H}amiltonian systems},
   JOURNAL = {J. Math. Anal. Appl.},
  FJOURNAL = {Journal of Mathematical Analysis and Applications},
    VOLUME = {344},
      YEAR = {2008},
    NUMBER = {1},
     PAGES = {462--471},
      ISSN = {0022-247X},
     CODEN = {JMANAK},
   MRCLASS = {37J45 (34B15 34C25 58E05)},
  MRNUMBER = {2416320 (2009c:37054)},
MRREVIEWER = {Maria Letizia Bertotti},
       DOI = {10.1016/j.jmaa.2008.03.021},
       URL = {http://dx.doi.org/10.1016/j.jmaa.2008.03.021},
}



@article {zhao2004periodic,
    AUTHOR = {Zhao, F. and Wu, X.},
     TITLE = {Periodic solutions for a class of non-autonomous second order
              systems},
   JOURNAL = {J. Math. Anal. Appl.},
  FJOURNAL = {Journal of Mathematical Analysis and Applications},
    VOLUME = {296},
      YEAR = {2004},
    NUMBER = {2},
     PAGES = {422--434},
      ISSN = {0022-247X},
     CODEN = {JMANAK},
   MRCLASS = {34C25 (34B15 37J45 47J30 49J40)},
  MRNUMBER = {2075174 (2005e:34136)},
MRREVIEWER = {Lorenzo Pisani},
       DOI = {10.1016/j.jmaa.2004.01.041},
       URL = {http://dx.doi.org/10.1016/j.jmaa.2004.01.041},
}








