@preamble{
   "\def\cprime{$'$} "
}

@article{cianchi2000fully,
  title={A fully anisotropic {S}obolev inequality},
  author={Cianchi, Andrea},
  journal={Pacific J. Math},
  volume={196},
  number={2},
  pages={283--295},
  year={2000},
  publisher={Citeseer}
}
@book{mawhin2010critical,
  title={Critical Point Theory and Hamiltonian Systems},
  author={Mawhin, J. and Willem, M.},
  isbn={9781441930897},
  series={Applied Mathematical Sciences},
  url={http://books.google.com.ar/books?id=wFGmcQAACAAJ},
  year={2010},
  publisher={Springer}
}


@book{fonseca2007modern,
  title={Modern Methods in the Calculus of Variations: L\^{}p Spaces},
  author={Fonseca, I. and Leoni, G.},
  isbn={9780387690063},
  lccn={2007931775},
  series={Springer Monographs in Mathematics},
  url={http://books.google.com.ar/books?id=z-uLxBRPWxgC},
  year={2007},
  publisher={Springer}
}


@article{cianchi1999some,
  title={Some results in the theory of {O}rlicz spaces and applications to variational problems},
  author={Cianchi, Andrea},
  journal={Nonlinear analysis, function spaces and applications},
  volume={6},
  pages={50--92},
  year={1999},
  publisher={Czech Academy of Sciences, Mathematical Institute}
}

@article{edmunds2000optimal,
  title={Optimal {S}obolev imbeddings involving rearrangement-invariant quasinorms},
  author={Edmunds, DE and Kerman, R and Pick, L},
  journal={Journal of Functional Analysis},
  volume={170},
  number={2},
  pages={307--355},
  year={2000},
  publisher={Elsevier}
}


@ONLINE{claverooptimal,
  title={Optimal {S}obolev embeddings and {F}unction {S}paces},
  author={Clavero, Nadia},
  year={2011},
  url = {http://www.maia.ub.edu/~soria/sobolev1.pdf},
}

@inproceedings{kerman2006optimal,
  title={Optimal Sobolev imbeddings},
  author={Kerman, Ron and Pick, Lubo{\v{s}}},
  booktitle={Forum Mathematicum},
  volume={18},
  pages={535--570},
  year={2006}
}

@book{rockafellar2009variational,
  title={Variational Analysis},
  author={Rockafellar, R.T. and Wets, R.J.B.},
  isbn={9783642024313},
  series={Die Grundlehren der mathematischen Wissenschaften in Einzeldarstellungen},
  url={http://books.google.es/books?id=JSREAAAAQBAJ},
  year={2009},
  publisher={Springer}
}



@book {A,
    AUTHOR = {Arnol{\cprime}d, V. I.},
     TITLE = {Mathematical methods of classical mechanics},
    SERIES = {Graduate Texts in Mathematics},
    VOLUME = {60},
   EDITION = {Second},
      NOTE = {Translated from the Russian by K. Vogtmann and A. Weinstein},
 PUBLISHER = {Springer-Verlag},
   ADDRESS = {New York},
      YEAR = {1989},
     PAGES = {xvi+508},
      ISBN = {0-387-96890-3},
   MRCLASS = {58Fxx (70-02 70H05)},
  MRNUMBER = {997295 (90c:58046)},
}

@article{fiorenza1997indices,
  title={Indices of {O}rlicz spaces and some applications},
  author={Fiorenza, Alberto and Krbec, Miroslav},
  journal={Commentationes Mathematicae Universitatis Carolinae},
  volume={38},
  number={3},
  pages={433--452},
  year={1997},
  publisher={Prague [Mathematical Institute of the Charles University]}
}



@article{Gustavsson1977,
author = {Gustavsson, Jan and Peetre, Jaak},
journal = {Studia Mathematica},
language = {eng},
number = {1},
pages = {33-59},
publisher = {Institute of Mathematics Polish Academy of Sciences},
title = {Interpolation of Orlicz spaces},
url = {http://eudml.org/doc/218150},
volume = {60},
year = {1977},
}


@article {PEM,
    AUTHOR = {del Pino, Manuel and Elgueta, Manuel and Man{\'a}sevich,
              Ra{\'u}l},
     TITLE = {A homotopic deformation along {$p$} of a {L}eray-{S}chauder
              degree result and existence for {$(\vert u'\vert ^{p-2}u')'+f(t,u)=0,\;u(0)=u(T)=0,\;p>1$}},
   JOURNAL = {J. Differential Equations},
  FJOURNAL = {Journal of Differential Equations},
    VOLUME = {80},
      YEAR = {1989},
    NUMBER = {1},
     PAGES = {1--13},
      ISSN = {0022-0396},
     CODEN = {JDEQAK},
   MRCLASS = {34B15 (47H11 47H15 58C30)},
  MRNUMBER = {1003248 (91i:34018)},
MRREVIEWER = {J. Dane{\v{s}}},
       DOI = {10.1016/0022-0396(89)90093-4},
       URL = {http://dx.doi.org/10.1016/0022-0396(89)90093-4},
}


@article {MiRa,
    AUTHOR = {Mih{\u{a}}ilescu, Mihai and R{\u{a}}dulescu, Vicen{\c{t}}iu},
     TITLE = {A continuous spectrum for nonhomogeneous differential
              operators in {O}rlicz-{S}obolev spaces},
   JOURNAL = {Math. Scand.},
  FJOURNAL = {Mathematica Scandinavica},
    VOLUME = {104},
      YEAR = {2009},
    NUMBER = {1},
     PAGES = {132--146},
      ISSN = {0025-5521},
     CODEN = {MTSCAN},
   MRCLASS = {35J60 (35J25 35P05 47F05 49R05)},
  MRNUMBER = {2498377 (2010b:35135)},
MRREVIEWER = {Stephen B. Robinson},
}


@article {ManaZano,
    AUTHOR = {Man{\'a}sevich, Ra{\'u}l and Zanolin, Fabio},
     TITLE = {Time-mappings and multiplicity of solutions for the
              one-dimensional {$p$}-{L}aplacian},
   JOURNAL = {Nonlinear Anal.},
  FJOURNAL = {Nonlinear Analysis. Theory, Methods \& Applications. An
              International Multidisciplinary Journal. Series A: Theory and
              Methods},
    VOLUME = {21},
      YEAR = {1993},
    NUMBER = {4},
     PAGES = {269--291},
      ISSN = {0362-546X},
     CODEN = {NOANDD},
   MRCLASS = {34B15 (47H15 47N20)},
  MRNUMBER = {1237587 (94f:34052)},
MRREVIEWER = {Maria Patrizia Pera},
       DOI = {10.1016/0362-546X(93)90020-S},
       URL = {http://dx.doi.org/10.1016/0362-546X(93)90020-S},
}

@article {MiRa2,
    AUTHOR = {Mih{\u{a}}ilescu, Mihai and R{\u{a}}dulescu, Vicen{\c{t}}iu},
     TITLE = {Eigenvalue problems associated with nonhomogeneous
              differential operators in {O}rlicz-{S}obolev spaces},
   JOURNAL = {Anal. Appl. (Singap.)},
  FJOURNAL = {Analysis and Applications},
    VOLUME = {6},
      YEAR = {2008},
    NUMBER = {1},
     PAGES = {83--98},
      ISSN = {0219-5305},
   MRCLASS = {35P30 (35J60 47J10 58E05)},
  MRNUMBER = {2380887 (2008m:35258)},
MRREVIEWER = {Jes{\'u}s Hern{\'a}ndez},
       DOI = {10.1142/S0219530508001067},
       URL = {http://dx.doi.org/10.1142/S0219530508001067},
}

@article {MiMoRa,
    AUTHOR = {Mih{\u{a}}ilescu, Mihai and Moro{\c{s}}anu, Gheorghe and
              R{\u{a}}dulescu, Vicen{\c{t}}iu},
     TITLE = {Eigenvalue problems for anisotropic elliptic equations: an
              {O}rlicz-{S}obolev space setting},
   JOURNAL = {Nonlinear Anal.},
  FJOURNAL = {Nonlinear Analysis. Theory, Methods \& Applications. An
              International Multidisciplinary Journal. Series A: Theory and
              Methods},
    VOLUME = {73},
      YEAR = {2010},
    NUMBER = {10},
     PAGES = {3239--3253},
      ISSN = {0362-546X},
     CODEN = {NOANDD},
   MRCLASS = {35J70 (35P05 46N20 47J30)},
  MRNUMBER = {2680018 (2011g:35130)},
       DOI = {10.1016/j.na.2010.07.004},
       URL = {http://dx.doi.org/10.1016/j.na.2010.07.004},
}


@article {HM,
    AUTHOR = {Huentutripay, Jorge and Man{\'a}sevich, Ra{\'u}l},
     TITLE = {Nonlinear eigenvalues for a quasilinear elliptic system in
              {O}rlicz-{S}obolev spaces},
   JOURNAL = {J. Dynam. Differential Equations},
  FJOURNAL = {Journal of Dynamics and Differential Equations},
    VOLUME = {18},
      YEAR = {2006},
    NUMBER = {4},
     PAGES = {901--929},
      ISSN = {1040-7294},
     CODEN = {JDDEEH},
   MRCLASS = {35J55 (35J60 35P30 47J30)},
  MRNUMBER = {2263407 (2007f:35065)},
       DOI = {10.1007/s10884-006-9049-7},
       URL = {http://dx.doi.org/10.1007/s10884-006-9049-7},
}

@article {MaMa,
    AUTHOR = {Man{\'a}sevich, Ra{\'u}l and Mawhin, Jean},
     TITLE = {Periodic solutions for nonlinear systems with
              {$p$}-{L}aplacian-like operators},
   JOURNAL = {J. Differential Equations},
  FJOURNAL = {Journal of Differential Equations},
    VOLUME = {145},
      YEAR = {1998},
    NUMBER = {2},
     PAGES = {367--393},
      ISSN = {0022-0396},
     CODEN = {JDEQAK},
   MRCLASS = {34B15 (34C25 47H15)},
  MRNUMBER = {1621038 (99c:34034)},
MRREVIEWER = {Pedro Mart{\'{\i}}nez-Amores},
       DOI = {10.1006/jdeq.1998.3425},
       URL = {http://dx.doi.org/10.1006/jdeq.1998.3425},
}

* Matched *

@article {MiRaRe,
    AUTHOR = {Mih{\u{a}}ilescu, Mihai and R{\u{a}}dulescu, Vicen{\c{t}}iu
              and Repov{\v{s}}, Du{\v{s}}an},
     TITLE = {On a non-homogeneous eigenvalue problem involving a potential:
              an {O}rlicz-{S}obolev space setting},
   JOURNAL = {J. Math. Pures Appl. (9)},
  FJOURNAL = {Journal de Math\'ematiques Pures et Appliqu\'ees. Neuvi\`eme
              S\'erie},
    VOLUME = {93},
      YEAR = {2010},
    NUMBER = {2},
     PAGES = {132--148},
      ISSN = {0021-7824},
   MRCLASS = {35R30 (35J60 46E35 47J30 58E05)},
  MRNUMBER = {2584738 (2011d:35519)},
MRREVIEWER = {Sergey G. Pyatkov},
       DOI = {10.1016/j.matpur.2009.06.004},
       URL = {http://dx.doi.org/10.1016/j.matpur.2009.06.004},
}

@book {B,
    AUTHOR = {Betounes, David},
     TITLE = {Differential equations: theory and applications},
   EDITION = {Second},
 PUBLISHER = {Springer},
   ADDRESS = {New York},
      YEAR = {2010},
     PAGES = {xiv+626},
      ISBN = {978-1-4419-1162-9},
   MRCLASS = {34-01 (37-01 68W30 70-01)},
  MRNUMBER = {2571569 (2010k:34001)},
       DOI = {10.1007/978-1-4419-1163-6},
       URL = {http://dx.doi.org/10.1007/978-1-4419-1163-6},
}


@article {DAB,
    AUTHOR = {Dragomir, S. S. and Agarwal, R. P. and Barnett, N. S.},
     TITLE = {Inequalities for beta and gamma functions via some classical
              and new integral inequalities},
   JOURNAL = {J. Inequal. Appl.},
  FJOURNAL = {Journal of Inequalities and Applications},
    VOLUME = {5},
      YEAR = {2000},
    NUMBER = {2},
     PAGES = {103--165},
      ISSN = {1025-5834},
     CODEN = {JIAPF3},
   MRCLASS = {26D07 (33B15)},
  MRNUMBER = {1753533 (2000m:26012)},
       DOI = {10.1155/S1025583400000084},
       URL = {http://dx.doi.org/10.1155/S1025583400000084},
}


@article {GHMZ,
    AUTHOR = {Garc{\'{\i}}a-Huidobro, Marta and Man{\'a}sevich, Ra{\'u}l and
              Zanolin, Fabio},
     TITLE = {A {F}redholm-like result for strongly nonlinear second order
              {ODE}s},
   JOURNAL = {J. Differential Equations},
  FJOURNAL = {Journal of Differential Equations},
    VOLUME = {114},
      YEAR = {1994},
    NUMBER = {1},
     PAGES = {132--167},
      ISSN = {0022-0396},
     CODEN = {JDEQAK},
   MRCLASS = {34B15 (47H15)},
  MRNUMBER = {1302138 (95k:34033)},
MRREVIEWER = {Norman Dancer},
       DOI = {10.1006/jdeq.1994.1144},
       URL = {http://dx.doi.org/10.1006/jdeq.1994.1144},
}

@article {GHMS,
    AUTHOR = {Garcia-Huidobro, M. and Man{\'a}sevich, R. and Schmitt, K.},
     TITLE = {On principal eigenvalues of {$p$}-{L}aplacian-like operators},
   JOURNAL = {J. Differential Equations},
  FJOURNAL = {Journal of Differential Equations},
    VOLUME = {130},
      YEAR = {1996},
    NUMBER = {1},
     PAGES = {235--246},
      ISSN = {0022-0396},
     CODEN = {JDEQAK},
   MRCLASS = {35J65 (35P30)},
  MRNUMBER = {1409031 (97f:35068)},
MRREVIEWER = {Zuchi Chen},
       DOI = {10.1006/jdeq.1996.0140},
       URL = {http://dx.doi.org/10.1006/jdeq.1996.0140},
}


@book{rao1991theory,
  title={Theory of Orlicz spaces},
  author={Rao, Malempati Madhusudana and Ren, Zhong Dao},
  year={1991},
  publisher={M. Dekker}
}



preamble{
   "\def\cprime{$'$} "
} @book {KR,
    AUTHOR = {Krasnosel{\cprime}ski{\u\i}, M. A. and Ruticki{\u\i}, Ja. B.},
     TITLE = {Convex functions and {O}rlicz spaces},
    SERIES = {Translated from the first Russian edition by Leo F. Boron},
 PUBLISHER = {P. Noordhoff Ltd.},
   ADDRESS = {Groningen},
      YEAR = {1961},
     PAGES = {xi+249},
   MRCLASS = {46.35},
  MRNUMBER = {0126722 (23 \#A4016)},
}


@book {M,
    AUTHOR = {Maligranda, Lech},
     TITLE = {Orlicz spaces and interpolation},
    SERIES = {Semin\'arios de Matem\'atica [Seminars in Mathematics]},
    VOLUME = {5},
 PUBLISHER = {Universidade Estadual de Campinas, Departamento de
              Matem\'atica, Campinas},
      YEAR = {1989},
     PAGES = {iii+206},
   MRCLASS = {46E30 (46-01 46B70 46M35)},
  MRNUMBER = {2264389 (2007e:46025)},
}


@article {Yan,
    AUTHOR = {Yan, Ping},
     TITLE = {Nonresonance for one-dimensional {$p$}-{L}aplacian with
              regular restoring},
   JOURNAL = {J. Math. Anal. Appl.},
  FJOURNAL = {Journal of Mathematical Analysis and Applications},
    VOLUME = {285},
      YEAR = {2003},
    NUMBER = {1},
     PAGES = {141--154},
      ISSN = {0022-247X},
     CODEN = {JMANAK},
   MRCLASS = {34C25 (34B15)},
  MRNUMBER = {2000145 (2004f:34064)},
MRREVIEWER = {Anna Capietto},
       DOI = {10.1016/S0022-247X(03)00383-4},
       URL = {http://dx.doi.org/10.1016/S0022-247X(03)00383-4},
}



@book {calogero2008isochronous,
AUTHOR = {Calogero, Francesco},
     TITLE = {Isochronous systems},
 PUBLISHER = {Oxford University Press},
   ADDRESS = {Oxford},
      YEAR = {2008},
     PAGES = {x+250},
      ISBN = {978-0-19-953528-6},
   MRCLASS = {37J05 (34C05 34C25 34M99 35Q55 37K10 70H12)},
  MRNUMBER = {2383111 (2009h:37114)},
MRREVIEWER = {Cristina Stoica},
       DOI = {10.1093/acprof:oso/9780199535286.001.0001},
       URL = {http://dx.doi.org/10.1093/acprof:oso/9780199535286.001.0001},
}

@book{adams_sobolev,
  title={Sobolev Spaces},
  author={Adams, R.A. and Fournier, J.J.F.},
  isbn={9780080541297},
  series={Pure and Applied Mathematics},
  url={http://books.google.com.ar/books?id=R5A65Koh-EoC},
  year={2003},
  publisher={Elsevier Science}
}

@book{ambrosetti,
  title={A Primer of Nonlinear Analysis},
  author={Ambrosetti, A. and Prodi, G.},
  isbn={9780521485739},
  lccn={93233904},
  series={Cambridge Studies in Advanced Mathematics},
  url={http://books.google.com.ar/books?id=dVSTUben3QoC},
  year={1995},
  publisher={Cambridge University Press}
}

@misc{wroblewska2012application,
  title={An application of {O}rlicz spaces in partial differential equations},
  author={Wr{\'o}blewska-Kami{\'n}ska, Aneta},
  year={2012},
  note={PhD dissertation},
  url={https://www.mimuw.edu.pl/wiadomosci/aktualnosci/doktoraty/pliki/aneta_wroblewska-kaminska/awk-dok.pdf},
  publisher={Praca doktorska}
}


@article{tang1998periodic,
  title={Periodic solutions for nonautonomous second order systems with sublinear nonlinearity},
  author={Tang, Chun-Lei},
  journal={Proceedings of the American Mathematical Society},
  pages={3263--3270},
  year={1998},
  publisher={JSTOR}
}

@article{tang2001periodic,
  title={Periodic solutions for second order systems with not uniformly coercive potential},
  author={Tang, Chun-Lei and Wu, Xing-Ping},
  journal={Journal of Mathematical Analysis and Applications},
  volume={259},
  number={2},
  pages={386--397},
  year={2001},
  publisher={Elsevier}
}
@article{tang1995periodic,
  title={Periodic solutions of non-autonomous second-order systems with $\gamma$-quasisubadditive potential},
  author={Tang, Chun-Lei},
  journal={Journal of Mathematical Analysis and Applications},
  volume={189},
  number={3},
  pages={671--675},
  year={1995},
  publisher={Elsevier}
}

@article{xu2007some,
  title={Some existence results on periodic solutions of ordinary p-Laplacian systems},
  author={Xu, Bo and Tang, Chun-Lei},
  journal={Journal of mathematical analysis and applications},
  volume={333},
  number={2},
  pages={1228--1236},
  year={2007},
  publisher={Elsevier}
}

@article{tang2010periodic,
  title={Periodic solutions for second-order Hamiltonian systems with a p-Laplacian},
  author={Tang, Xianhua and Zhang, Xingyong},
  journal={Annales UMCS, Mathematica},
  volume={64},
  number={1},
  pages={93--113},
  year={2010},
  publisher={Versita}
}

@article{ye2008periodic,
  title={Periodic solutions for some nonautonomous second order Hamiltonian systems},
  author={Ye, Yi-Wei and Tang, Chun-Lei},
  journal={Journal of Mathematical Analysis and Applications},
  volume={344},
  number={1},
  pages={462--471},
  year={2008},
  publisher={Elsevier}
}

@article{zhao2004periodic,
  title={Periodic solutions for a class of non-autonomous second order systems},
  author={Zhao, Fukun and Wu, Xian},
  journal={Journal of mathematical analysis and applications},
  volume={296},
  number={2},
  pages={422--434},
  year={2004},
  publisher={Elsevier}
}

@article{wu1999periodic,
  title={Periodic solutions of a class of non-autonomous second-order systems},
  author={Wu, Xing-Ping and Tang, Chun-Lei},
  journal={Journal of Mathematical Analysis and Applications},
  volume={236},
  number={2},
  pages={227--235},
  year={1999},
  publisher={Elsevier}
}

@article{kato1964demicontinuity,
  title={Demicontinuity, hemicontinuity and monotonicity},
  author={Kato, Tosio},
  journal={Bulletin of the American Mathematical Society},
  volume={70},
  number={4},
  pages={548--550},
  year={1964}
}

@article{hudzik2000amemiya,
  title={Amemiya norm equals Orlicz norm in general},
  author={Hudzik, Henryk and Maligranda, Lech},
  journal={Indagationes Mathematicae},
  volume={11},
  number={4},
  pages={573--585},
  year={2000},
  publisher={Elsevier}
}

@article{AGMS,
  title={On Estimates for the Period of Solutions of Equations Involving the $\phi$-Laplace Operator},
  author={Acinas, Sonia and Giubergia, Graciela and Mazzone, Fernando and Schwindt, Erica},
  journal={Journal of Abstract Differential Equations and Applications},
  volume={5},
  number={1},
  pages={21--34},
  year={2014},
  publisher={Math. Research Publ.}
}

@article {AF12,
    AUTHOR = {Acinas, S. and Favier, S.},
     TITLE = {Maximal inequalities in {O}rlicz spaces},
   JOURNAL = {Int. J. Math. Anal. (Ruse)},
  FJOURNAL = {International Journal of Mathematical Analysis},
    VOLUME = {6},
      YEAR = {2012},
    NUMBER = {41-44},
     PAGES = {2179--2198},
      ISSN = {1312-8876},
   MRCLASS = {42B25},
  MRNUMBER = {2946265},}

@article {FZ01,
    AUTHOR = {Favier, S. and Z{\'o}, F.},
     TITLE = {Extension of the best approximation operator in {O}rlicz
              spaces and weak-type inequalities},
   JOURNAL = {Abstr. Appl. Anal.},
  FJOURNAL = {Abstract and Applied Analysis},
    VOLUME = {6},
      YEAR = {2001},
    NUMBER = {2},
     PAGES = {101--114},
      ISSN = {1085-3375},
   MRCLASS = {41A65 (41A50 46E30)},
  MRNUMBER = {1858752 (2002j:41033)},
MRREVIEWER = {Les{\l}aw Skrzypek},
       DOI = {10.1155/S1085337501000446},
       URL = {http://dx.doi.org/10.1155/S1085337501000446},}

@book{ekeland1999convex,
  title={Convex Analysis and Variational Problems},
  author={Ekeland, I. and T{\'e}mam, R.},
  isbn={9780898714500},
  lccn={99046956},
  series={Classics in Applied Mathematics},
  url={http://books.google.com.ar/books?id=KG8nPeulcF8C},
  year={1999},
  publisher={Society for Industrial and Applied Mathematics}
}