@preamble{
   "\def\cprime{$'$} "
}


@book{ VladimirI.Arnold229,
    author = "Vladimir I. Arnold and Valery V. Kozlov and Anatoly I. Neishtadt",
    languages = "eng",
    year = "2007",
    month = "jul",
    publisher = "Springer Science \& Business Media",
    size = "4808927 octets",
    title = "Mathematical Aspects of Classical and Celestial Mechanics" }

@book{ RogerR.Bate230,
    author = "Roger R. Bate and Donald D. Mueller and Jerry E. White",
    languages = "eng",
    year = "1971",
    month = "jun",
    publisher = "Courier Corporation",
    size = "14271916 octets",
    title = "Fundamentals of Astrodynamics" }

@book{ RichardH.Battin231,
    author = "Richard H. Battin",
    languages = "eng",
    year = "1999",
    month = "jun",
    publisher = "AIAA",
    size = "30366609 octets",
    title = "An Introduction to the Mathematics and Methods of Astrodynamics" }

@book{ GerhardBeutler233,
    author = "Gerhard Beutler",
    languages = "eng",
    year = "2006",
    month = "mar",
    publisher = "Springer Science \& Business Media",
    size = "8257432 octets",
    title = "Methods of Celestial Mechanics: Volume I: Physical, Mathematical, and Numerical Principles" }

@book{ GerhardBeutler234,
    author = "Gerhard Beutler",
    languages = "eng",
    year = "2004",
    month = "nov",
    publisher = "Springer Science \& Business Media",
    size = "16137043 octets",
    title = "Methods of Celestial Mechanics: Volume II: Application to Planetary System, Geodynamics and Satellite Geodesy" }

@book{ ErnestW.Brown236,
    author = "Ernest W. Brown and Shook Clarence A.",
    languages = "eng",
    year = "2014",
    month = "feb",
    publisher = "BiblioBazaar",
    size = "11873702 octets",
    title = "Planetary Theory - Primary Source Edition" }

@book{ AlessandraCelletti238,
    author = "Alessandra Celletti",
    languages = "eng",
    year = "2010",
    month = "mar",
    publisher = "Springer Science \& Business Media",
    size = "4788307 octets",
    title = "Stability and Chaos in Celestial Mechanics" }

@book{ PeterColwell239,
    author = "Peter Colwell",
    languages = "eng",
    year = "1993",
    month = "jun",
    publisher = "Willmann-Bell",
    size = "1381546 octets",
    title = "Solving Kepler's Equation Over Three Centuries" }

@book{ OliverMontenbruck241,
    author = "Oliver Montenbruck",
    languages = "eng",
    year = "1989",
    month = "jun",
    publisher = "Springer-Verlag",
    size = "1462501 octets",
    title = "Practical Ephemeris Calculations" }

@book{ AlessandroMorbidelli242,
    author = "Alessandro Morbidelli",
    languages = "eng",
    year = "2002",
    month = "jun",
    publisher = "Taylor \& Francis",
    size = "14171408 octets",
    title = "Modern Celestial Mechanics: Aspects of Solar System Dynamics" }

@book{ PiniGurfil243,
    author = "Pini Gurfil",
    languages = "eng",
    year = "2006",
    month = "oct",
    publisher = "Butterworth-Heinemann",
    size = "4579869 octets",
    title = "Modern Astrodynamics" }

@book{ HenryCPlummer244,
    author = "Henry C Plummer",
    languages = "eng",
    year = "2014",
    month = "ago",
    publisher = "Literary Licensing LLC",
    size = "8304492 octets",
    title = "An Introductory Treatise on Dynamical Astronomy" }

@book{ HarryPollard245,
    author = "Harry Pollard",
    languages = "eng",
    year = "1966",
    month = "jun",
    publisher = "Prentice-Hall",
    size = "3860788 octets",
    title = "Mathematical Introduction to Celestial Mechanics" }

@book{ CarlL.Siegel246,
    author = "Carl L. Siegel and Jürgen K. Moser and Jürgen Moser and C. I. Kalme",
    languages = "eng",
    year = "1995",
    month = "feb",
    publisher = "Springer Science \& Business Media",
    size = "2090349 octets",
    title = "Lectures on Celestial Mechanics" }

@book{ Mary(fairfax)Sommerville247,
    author = "Mary (fairfax) Sommerville",
    languages = "eng",
    year = "1831",
    month = "jun",
    publisher = "John Murray",
    size = "5487065 octets",
    title = "Mechanism of the Heavens" }

@book{ BonnieSteves249,
    author = "Bonnie Steves and A.j Maciejewski",
    languages = "eng",
    year = "2001",
    month = "sep",
    publisher = "CRC Press",
    size = "3722372 octets",
    title = "The Restless Universe Applications of Gravitational N-Body Dynamics to Planetary Stellar and Galactic Systems" }

@book{ WatsonJames250,
    author = "Watson James",
    year = "1868",
    month = "jun",
    publisher = "Biblioteca Británica",
    size = "125137865 octets",
    title = "Theoretical Astronomy" }

@book{ FrankLoxleyGriffin252,
    author = "Frank Loxley Griffin and Forest Ray Moulton and William Raymond Longley",
    languages = "eng",
    year = "2015",
    month = "nov",
    publisher = "BiblioLife",
    size = "15029601 octets",
    title = "Periodic Orbits" }

@book{ CarlFriedrichGauss253,
    author = "Carl Friedrich Gauss",
    languages = "eng",
    year = "1995",
    month = "jun",
    publisher = "SIAM",
    size = "3460852 octets",
    title = "Theory of the Combination of Observations Least Subject to Errors: Part One, Part Two, Supplement" }

@book{ SverreJ.Aarseth254,
    author = "Sverre J. Aarseth and Sverre Johannes Aarseth",
    languages = "eng",
    year = "2003",
    month = "oct",
    publisher = "Cambridge University Press",
    size = "2032361 octets",
    title = "Gravitational N-Body Simulations: Tools and Algorithms" }

@book{ DonaldSaari255,
    author = "Donald Saari and Alain Chenciner",
    languages = "eng",
    year = "2002",
    month = "jun",
    publisher = "American Mathematical Soc.",
    size = "3686675 octets",
    title = "Celestial Mechanics: Dedicated to Donald Saari for His 60th Birthday : Proceedings of an International Conference on Celestial Mechanics, December 15-19, 1999, Northwestern University, Evanston, Illinois" }

@book{ WangSangKoon256,
    author = "Wang Sang Koon and Martin W. Lo and Jerrold E. Marsden",
    languages = "eng",
    year = "2011",
    month = "jun",
    publisher = "Springer New York",
    size = "16786291 octets",
    title = "Dynamical Systems: The Three-Body Problem and Space Mission Design" }

@book{ FlorinDiacu257,
    author = "Florin Diacu",
    languages = "eng",
    year = "2012",
    month = "ago",
    publisher = "Springer Science \& Business Media",
    size = "2457962 octets",
    title = "Relative Equilibria of the Curved N-Body Problem" }

@book{ KennethR.Meyer258,
    author = "Kenneth R. Meyer",
    languages = "eng",
    year = "1999",
    month = "nov",
    publisher = "Springer Science \& Business Media",
    size = "1915639 octets",
    title = "Periodic Solutions of the N-Body Problem" }

@book{ A.E.Roy260,
    author = "A. E. Roy",
    languages = "eng",
    year = "2004",
    month = "dic",
    publisher = "CRC Press",
    size = "19111372 octets",
    title = "Orbital Motion, Fourth Edition" }

@book{ JohnM.A.Danby262,
    author = "John M. A. Danby",
    languages = "eng",
    year = "1970",
    month = "jun",
    publisher = "MacMillan",
    size = "27902393 octets",
    title = "Fundamentals of Celestial Mechanics" }

@book{ DonaldSaari263,
    author = "Donald Saari",
    languages = "eng",
    year = "2005",
    month = "jun",
    publisher = "American Mathematical Society",
    size = "582920 octets",
    title = "Collisions, Rings, and Other Newtonian N-Body Problems (Cap. 1)" }

@article{zhao2015nonplanar,
  title={Nonplanar periodic solutions for spatial restricted 3-body and 4-body problems},
  author={Zhao, Xiaoxiao and Zhang, Shiqing},
  journal={Boundary Value Problems},
  volume={2015},
  number={1},
  pages={1},
  year={2015},
  publisher={Springer International Publishing}
}

@book{ AurelWintner272,
    author = "Aurel Wintner",
    languages = "eng",
    year = "2014",
    month = "jun",
    publisher = "Courier Corporation",
    size = "5709035 octets",
    title = "The Analytical Foundations of Celestial Mechanics" }

@book{ RichardPalais274,
    author = "Richard Palais",
    year = "100",
    month = "dic",
    publisher = "Communications in Mathematical Physics",
    size = "647056 octets",
    title = "The principle of symmetric criticality" }

@book{ S.Terracini275,
    author = "S. Terracini and A. Celletti and S. Ferraz-Mello",
    year = "2007",
    month = "ene",
    publisher = "Springer Science \& Business Media",
    size = "12990833 octets",
    title = "Periodic, Quasi-Periodic and Chaotic Motions in Celestial Mechanics Theory and Applications" }

@book{ JaumeLlibre276,
    author = "Jaume Llibre and Richard Moeckel and Carles Sim\'o",
    year = "2015",
    month = "nov",
    publisher = "Birkh{\"{a}}user, 2015",
    series = "Advanced Courses in Mathematics - CRM Barcelona",
    size = "13644828 octets",
    title = "Central Configurations, Periodic Orbits, and Hamiltonian Systems" }

@book{ AlessandraCelletti364,
    author = "Alessandra Celletti and Luigi Chierchia",
    languages = "eng",
    year = "2007",
    month = "jun",
    publisher = "American Mathematical Soc.",
    size = "1598573 octets",
    title = "KAM Stability and Celestial Mechanics" }

@inproceedings{sitnikov1960existence,
  title={The existence of oscillatory motions in the three-body problem},
  author={Sitnikov, K},
  booktitle={Dokl. Akad. Nauk SSSR},
  volume={133},
  number={2},
  pages={303--306},
  year={1960}
}

@Book{moser2016stable,
  Title                    = {Stable and Random Motions in Dynamical Systems: With Special Emphasis on Celestial Mechanics},
  Author                   = {Moser, J.},
  Publisher                = {Princeton University Press},
  Year                     = {1973},
  Series                   = {Annals Mathematics Studies},
}

@article{llibre2008families,
  title={On the families of periodic orbits of the Sitnikov problem},
  author={Llibre, Jaume and Ortega, Rafael},
  journal={SIAM Journal on Applied Dynamical Systems},
  volume={7},
  number={2},
  pages={561--576},
  year={2008},
  publisher={SIAM}
}

@article{chesley1999global,
  title={A global analysis of the generalized Sitnikov problem},
  author={Chesley, Steven R},
  journal={Celestial Mechanics and Dynamical Astronomy},
  volume={73},
  number={1-4},
  pages={291--302},
  year={1999},
  publisher={Springer}
}

@incollection{hagel1993computer,
  title={A computer aided analysis of the Sitnikov problem},
  author={Hagel, Johannes and Trenkler, Thomas},
  booktitle={Qualitative and Quantitative Behaviour of Planetary Systems},
  pages={81--98},
  year={1993},
  publisher={Springer}
}

@incollection{dvorak1993numerical,
  title={Numerical results to the Sitnikov-problem},
  author={Dvorak, R},
  booktitle={Qualitative and Quantitative Behaviour of Planetary Systems},
  pages={71--80},
  year={1993},
  publisher={Springer}
}

@article{perez2009periodic,
  title={On the periodic orbits of the circular double Sitnikov problem},
  author={P{\'e}rez, Hugo Jim{\'e}nez and Lacomba, Ernesto A},
  journal={Comptes Rendus Mathematique},
  volume={347},
  number={5},
  pages={333--336},
  year={2009},
  publisher={Elsevier}
}

@article{liu1991numerical,
  title={Numerical research on the Sitnikov problem},
  author={Liu, Jie and Zhou, Ji-lin and Sun, Yi-sui},
  journal={Chinese astronomy and astrophysics},
  volume={15},
  number={3},
  pages={339--344},
  year={1991},
  publisher={Elsevier}
}

@article{llibre1999bridges,
  title={Bridges between the generalized Sitnikov family and the lyapunov family of periodic orbits},
  author={Llibre, Jaume and Meyer, Kenneth R and Soler, Jaume},
  journal={journal of differential equations},
  volume={154},
  number={1},
  pages={140--156},
  year={1999},
  publisher={Elsevier}
}
@article{jimenez2001symmetries,
  title={Symmetries and bifurcations in the Sitnikov problem},
  author={Jim{\'e}nez-Lara, Lidia and Escalona-Buend{\'\i}a, Adolfo},
  journal={Celestial Mechanics and Dynamical Astronomy},
  volume={79},
  number={2},
  pages={97--117},
  year={2001},
  publisher={Springer}
}

@article{dankowicz1995existence,
  title={The existence of transverse homoclinic points in the Sitnikov problem},
  author={Dankowicz, Harry and Holmes, Philip},
  journal={Journal of differential equations},
  volume={116},
  number={2},
  pages={468--483},
  year={1995},
  publisher={Elsevier}
}
@article{soulis2008periodic,
  title={Periodic orbits and bifurcations in the Sitnikov four-body problem},
  author={Soulis, PS and Papadakis, KE and Bountis, T},
  journal={Celestial Mechanics and Dynamical Astronomy},
  volume={100},
  number={4},
  pages={251--266},
  year={2008},
  publisher={Springer}
}
@article{pandey2013periodic,
  title={Periodic orbits and bifurcations in the Sitnikov four-body problem when all primaries are oblate},
  author={Pandey, LP and Ahmad, I},
  journal={Astrophysics and Space Science},
  volume={345},
  number={1},
  pages={73--83},
  year={2013},
  publisher={Springer}
}

@article{baltagiannis2011families,
  title={Families of periodic orbits in the restricted four-body problem},
  author={Baltagiannis, AN and Papadakis, KE},
  journal={Astrophysics and Space Science},
  volume={336},
  number={2},
  pages={357--367},
  year={2011},
  publisher={Springer}
}


@Manual{sympy,
title = {SymPy: Python library for symbolic mathematics},
author = {{SymPy Development Team}},
year = {2016},
url = {http://www.sympy.org},
}
