@PREAMBLE{
"\def\cprime{$'$} "}



@book{luenberger2015linear,
  title={Linear and nonlinear programming},
  author={Luenberger, David G and Ye, Yinyu},
  volume={228},
  year={2015},
  publisher={Springer}
}

@Article{ABGMS2015,
  Title                    = {Some existence results on periodic solutions of {E}uler-{L}agrange equations in an {O}rlicz-{S}obolev space setting},
  Author                   = {{A}cinas, S. and {B}uri, L. and Giubergia, G. and Mazzone, F. and Schwindt, E.},
  Journal                  = {Nonlinear Analysis, TMA.},
  Year                     = {2015},
  Pages                    = {681 - 698},
  Volume                   = {125},

  ISSN                     = {0362-546X}
}

@PhdThesis{Acinas2014,
  Title                    = {Desigualdades de {O}peradores en {E}spacios de {O}rlicz.},
  Author                   = {Acinas, S. and Favier, S.},
  School                   = {Universidad Nacional de San Luis},
  Year                     = {2014},

  Address                  = {San Luis, Argentina },

  __markedentry            = {[fernando:6]},
  Owner                    = {fernando},
  Timestamp                = {2016.11.03}
}

@Article{Acinas2012,
  Title                    = {Maximal inequalities in {O}rlicz spaces},
  Author                   = {Acinas, S. and Favier, S.},
  Journal                  = {Int. J. Math. Anal. (Ruse)},
  Year                     = {2012},
  Number                   = {41-44},
  Pages                    = {2179--2198},
  Volume                   = {6},

  __markedentry            = {[fernando:6]},
  Fjournal                 = {International Journal of Mathematical Analysis},
  ISSN                     = {1312-8876},
  Mrclass                  = {42B25},
  Mrnumber                 = {2946265},
  Owner                    = {fernando},
  Timestamp                = {2016.11.03}
}

@MastersThesis{Acinas2010,
  Title                    = {Desigualdades {M}aximales para {O}peradores {S}ubaditivos y de {M}ejor {A}proximaci\'on en {E}spacios de {O}rlicz.},
  Author                   = {Acinas, S. and Favier, S.},
  School                   = {Universidad Nacional de San Luis},
  Year                     = {2010},

  Address                  = {San Luis, Argentina },

  __markedentry            = {[fernando:6]},
  Owner                    = {fernando},
  Timestamp                = {2016.11.03}
}

@Article{Acinas2015,
  Title                    = {Extended Best Polynomial Approximation Operator in Orlicz Spaces},
  Author                   = { Sonia Acinas and Sergio Favier and Felipe ZÃ³ },
  Journal                  = {Numerical Functional Analysis and Optimization},
  Year                     = {2015},
  Number                   = {7},
  Pages                    = {817-829},
  Volume                   = {36},

  __markedentry            = {[fernando:6]},
  Doi                      = {10.1080/01630563.2015.1040161},
  Eprint                   = { http://dx.doi.org/10.1080/01630563.2015.1040161},
  Owner                    = {fernando},
  Timestamp                = {2016.11.03},
  Url                      = { http://dx.doi.org/10.1080/01630563.2015.1040161
}
}

@Article{AGMS,
  Title                    = {On estimates for the period of solutions of equations involving the {$\phi$}-{L}aplace operator},
  Author                   = {Acinas, S. and Giubergia, G. and Mazzone, F. and Schwindt, E.},
  Journal                  = {J. Abstr. Differ. Equ. Appl.},
  Year                     = {2014},
  Number                   = {1},
  Pages                    = {21--34},
  Volume                   = {5},

  Fjournal                 = {Journal of Abstract Differential Equations and Applications}
}

@Book{adams_sobolev,
  Title                    = {Sobolev spaces},
  Author                   = {Adams, R. and Fournier, J.},
  Publisher                = {Elsevier/Academic Press, Amsterdam},
  Year                     = {2003}
}

@Book{ambrosetti,
  Title                    = {A primer of nonlinear analysis},
  Author                   = {Ambrosetti, A. and Prodi, G.},
  Publisher                = {Cambridge University Press, Cambridge},
  Year                     = {1995}
}

@Book{Arnolprimed1989,
  Title                    = {Mathematical methods of classical mechanics},
  Author                   = {Arnol{\cprime}d, V.I.},
  Publisher                = {Springer-Verlag},
  Year                     = {1989},

  Address                  = {New York},
  Edition                  = {Second},
  Note                     = {Translated from the Russian by K. Vogtmann and A. Weinstein},
  Series                   = {Graduate Texts in Mathematics},
  Volume                   = {60},

  __markedentry            = {[fernando:6]},
  ISBN                     = {0-387-96890-3},
  Mrclass                  = {58Fxx (70-02 70H05)},
  Mrnumber                 = {997295 (90c:58046)},
  Owner                    = {fernando},
  Pages                    = {xvi+508},
  Timestamp                = {2016.11.03}
}

@Book{Bennett1988,
  Title                    = {Interpolation of operators},
  Author                   = {Bennett, C. and Sharpley, R.},
  Publisher                = {Academic Press, Inc., Boston, MA},
  Year                     = {1988},
  Series                   = {Pure and Applied Mathematics},
  Volume                   = {129},

  __markedentry            = {[fernando:6]},
  ISBN                     = {0-12-088730-4},
  Mrclass                  = {46-02 (46E30 46Exx 46M35)},
  Mrnumber                 = {928802 (89e:46001)},
  Mrreviewer               = {Mario Milman},
  Owner                    = {fernando},
  Pages                    = {xiv+469},
  Timestamp                = {2016.11.03}
}

@Article{C-2009,
  Title                    = {Nonhomogeneous boundary value problems for some nonlinear equations with singular {$\phi$}-{L}aplacian},
  Author                   = {Bereanu, C. and Mawhin, J.},
  Journal                  = {J. Math. Anal. Appl.},
  Year                     = {2009},
  Number                   = {1},
  Pages                    = {218--233},
  Volume                   = {352},

  Fjournal                 = {Journal of Mathematical Analysis and Applications}
}

@Article{Cristia-2008,
  Title                    = {Periodic solutions of nonlinear perturbations of {$\phi$}-{L}aplacians with possibly bounded {$\phi$}},
  Author                   = {Bereanu, C. and Mawhin, J.},
  Journal                  = {Nonlinear Anal.},
  Year                     = {2008},
  Number                   = {6},
  Pages                    = {1668--1681},
  Volume                   = {68},

  Fjournal                 = {Nonlinear Analysis. Theory, Methods \& Applications. An International Multidisciplinary Journal. Series A: Theory and Methods}
}

@Article{C-2007,
  Title                    = {Existence and multiplicity results for some nonlinear problems with singular {$\phi$}-{L}aplacian},
  Author                   = {Bereanu, C. and Mawhin, J.},
  Journal                  = {J. Differential Equations},
  Year                     = {2007},
  Number                   = {2},
  Pages                    = {536--557},
  Volume                   = {243},

  Fjournal                 = {Journal of Differential Equations}
}

@Book{Betounes2010,
  Title                    = {Differential equations: theory and applications.},
  Author                   = {Betounes, D.},
  Publisher                = {Springer},
  Year                     = {2010},

  Address                  = {New York},
  Edition                  = {Second},

  __markedentry            = {[fernando:6]},
  Bdsk-url-1               = {http://dx.doi.org/10.1007/978-1-4419-1163-6},
  Doi                      = {10.1007/978-1-4419-1163-6},
  ISBN                     = {978-1-4419-1162-9},
  Mrclass                  = {34-01 (37-01 68W30 70-01)},
  Mrnumber                 = {2571569 (2010k:34001)},
  Owner                    = {fernando},
  Pages                    = {xiv+626},
  Timestamp                = {2016.11.03},
  Url                      = {http://dx.doi.org/10.1007/978-1-4419-1163-6}
}

@Article{Boyd1971,
  Title                    = {Indices for the {O}rlicz spaces},
  Author                   = {Boyd, D.W.},
  Journal                  = {Pacific J. Math.},
  Year                     = {1971},
  Pages                    = {315--323},
  Volume                   = {38},

  __markedentry            = {[fernando:6]},
  Fjournal                 = {Pacific Journal of Mathematics},
  ISSN                     = {0030-8730},
  Mrclass                  = {46E30},
  Mrnumber                 = {0306887 (46 \#6008)},
  Mrreviewer               = {A. C. Zaanen},
  Owner                    = {fernando},
  Timestamp                = {2016.11.03}
}

@Article{Boyd1969,
  Title                    = {Indices of function spaces and their relationship to interpolation},
  Author                   = {Boyd, D.W.},
  Journal                  = {Canad. J. Math.},
  Year                     = {1969},
  Pages                    = {1245--1254},
  Volume                   = {21},

  __markedentry            = {[fernando:6]},
  Fjournal                 = {Canadian Journal of Mathematics. Journal Canadien de Math\'ematiques},
  ISSN                     = {0008-414X},
  Mrclass                  = {46E30 (46M35)},
  Mrnumber                 = {0412788 (54 \#909)},
  Owner                    = {fernando},
  Timestamp                = {2016.11.03}
}

@Article{Boyd1967,
  Title                    = {Spaces between a pair of reflexive {L}ebesgue spaces},
  Author                   = {Boyd, D.W.},
  Journal                  = {Proc. Amer. Math. Soc.},
  Year                     = {1967},
  Pages                    = {215--219},
  Volume                   = {18},

  __markedentry            = {[fernando:6]},
  Fjournal                 = {Proceedings of the American Mathematical Society},
  ISSN                     = {0002-9939},
  Mrclass                  = {46.35},
  Mrnumber                 = {0212556 (35 \#3427)},
  Mrreviewer               = {C. Goulaouic},
  Owner                    = {fernando},
  Timestamp                = {2016.11.03}
}

@Article{Brunk1970,
  Title                    = {A generalized {R}adon-{N}ikodym derivative},
  Author                   = {Brunk, H.D. and Johansen, S.},
  Journal                  = {Pacific J. Math.},
  Year                     = {1970},
  Pages                    = {585--617},
  Volume                   = {34},

  __markedentry            = {[fernando:6]},
  Fjournal                 = {Pacific Journal of Mathematics},
  ISSN                     = {0030-8730},
  Mrclass                  = {28.16 (60.00)},
  Mrnumber                 = {0267066 (42 \#1968)},
  Mrreviewer               = {T. A. Botts},
  Owner                    = {fernando},
  Timestamp                = {2016.11.03}
}

@Article{Calderon1961,
  Title                    = {Local properties of solutions of elliptic partial differential equations},
  Author                   = {Calder{\'o}n, A.P. and Zygmund, A.},
  Journal                  = {Studia Math.},
  Year                     = {1961},
  Pages                    = {171--225},
  Volume                   = {20},

  __markedentry            = {[fernando:6]},
  Fjournal                 = {Polska Akademia Nauk. Instytut Matematyczny. Studia Mathematica},
  ISSN                     = {0039-3223},
  Mrclass                  = {35.43},
  Mrnumber                 = {0136849 (25 \#310)},
  Mrreviewer               = {L. Cesari},
  Owner                    = {fernando},
  Timestamp                = {2016.11.03}
}

@Book{Calogero2008,
  Title                    = {Isochronous systems.},
  Author                   = {Calogero, F.},
  Publisher                = {Oxford University Press},
  Year                     = {2008},

  Address                  = {Oxford},

  __markedentry            = {[fernando:6]},
  Bdsk-url-1               = {http://dx.doi.org/10.1093/acprof:oso/9780199535286.001.0001},
  Doi                      = {10.1093/acprof:oso/9780199535286.001.0001},
  ISBN                     = {978-0-19-953528-6},
  Mrclass                  = {37J05 (34C05 34C25 34M99 35Q55 37K10 70H12)},
  Mrnumber                 = {2383111 (2009h:37114)},
  Mrreviewer               = {Cristina Stoica},
  Owner                    = {fernando},
  Pages                    = {x+250},
  Timestamp                = {2016.11.03},
  Url                      = {http://dx.doi.org/10.1093/acprof:oso/9780199535286.001.0001}
}

@Article{Carrizo2008,
  Title                    = {Extension of the best approximation operator in {O}rlicz spaces},
  Author                   = {Carrizo, I. and Favier, S. and Z{\'o}, F.},
  Journal                  = {Abstr. Appl. Anal.},
  Year                     = {2008},
  Pages                    = {Art. ID 374742, 15},

  __markedentry            = {[fernando:6]},
  Doi                      = {10.1155/2008/374742},
  Fjournal                 = {Abstract and Applied Analysis},
  ISSN                     = {1085-3375},
  Mrclass                  = {41A50 (46E30 47B38)},
  Mrnumber                 = {2393120 (2009e:41060)},
  Owner                    = {fernando},
  Timestamp                = {2016.11.03},
  Url                      = {http://dx.doi.org/10.1155/2008/374742}
}

@Book{Cheney1998,
  Title                    = {Introduction to approximation theory},
  Author                   = {Cheney, E.W.},
  Publisher                = {AMS Chelsea Publishing, Providence, RI},
  Year                     = {1998},

  __markedentry            = {[fernando:6]},
  ISBN                     = {0-8218-1374-9},
  Mrclass                  = {41-01 (41-02)},
  Mrnumber                 = {1656150 (99f:41001)},
  Owner                    = {fernando},
  Pages                    = {xii+259},
  Timestamp                = {2016.11.03}
}

@Article{Chui1984,
  Title                    = {On best data approximation},
  Author                   = {Chui, C.K. and Diamond, H. and Raphael, L.A.},
  Journal                  = {Approx. Theory Appl.},
  Year                     = {1984},
  Number                   = {1},
  Pages                    = {37--56},
  Volume                   = {1},

  __markedentry            = {[fernando:6]},
  Fjournal                 = {Approximation Theory and its Applications},
  ISSN                     = {1000-9221},
  Mrclass                  = {41A05 (41A65 65D10 65D15)},
  Mrnumber                 = {816591 (87j:41006)},
  Mrreviewer               = {T. J. Rivlin},
  Owner                    = {fernando},
  Timestamp                = {2016.11.03}
}

@Article{Chui1975,
  Title                    = {Best local approximation},
  Author                   = {Chui, C.K. and Shisha, O. and Smith, P.W.},
  Journal                  = {J. Approximation Theory},
  Year                     = {1975},
  Number                   = {4},
  Pages                    = {371--381},
  Volume                   = {15},

  __markedentry            = {[fernando:6]},
  Fjournal                 = {Journal of Approximation Theory},
  ISSN                     = {0021-9045},
  Mrclass                  = {41A50},
  Mrnumber                 = {0433101 (55 \#6080)},
  Mrreviewer               = {James Lewis},
  Owner                    = {fernando},
  Timestamp                = {2016.11.03}
}

@Article{cianchi2000fully,
  Title                    = {A fully anisotropic {S}obolev inequality},
  Author                   = {Cianchi, A.},
  Journal                  = {Pacific J. Math.},
  Year                     = {2000},
  Number                   = {2},
  Pages                    = {283--295},
  Volume                   = {196},

  Fjournal                 = {Pacific Journal of Mathematics}
}

@Article{cianchi2000local,
  Title                    = {Local boundedness of minimizers of anisotropic functionals},
  Author                   = {Cianchi, A.},
  Journal                  = {Ann. Inst. H. Poincar\'e Anal. Non Lin\'eaire},
  Year                     = {2000},
  Number                   = {2},
  Pages                    = {147--168},
  Volume                   = {17},

  Fjournal                 = {Annales de l'Institut Henri Poincar\'e. Analyse Non Lin\'eaire}
}


@InCollection{cianchi1999some,
  Title                    = {Some results in the theory of {O}rlicz spaces and applications to variational problems},
  Author                   = {Cianchi, A.},
  Booktitle                = {Nonlinear analysis, function spaces and applications, {V}ol. 6 ({P}rague, 1998)},
  Publisher                = {Acad. Sci. Czech Repub., Prague},
  Year                     = {1999},
  Pages                    = {50--92}
}

@Article{cianchi1999gradient,
  Title                    = {Gradient regularity for minimizers under general growth conditions},
  Author                   = {Cianchi, A. and Fusco, N.},
  Journal                  = {J. Reine Angew. Math.},
  Year                     = {1999},
  Pages                    = {15--36},
  Volume                   = {507},

  Fjournal                 = {Journal f\"ur die Reine und Angewandte Mathematik}
}
@article{cianchi2004optimal,
  title={Optimal Orlicz-Sobolev embeddings},
  author={Cianchi, Andrea and others},
  journal={Revista Matem{\'a}tica Iberoamericana},
  volume={20},
  number={2},
  pages={427--474},
  year={2004},
  publisher={Departamento de Matem{\'a}ticas, Universidad Aut{\'o}noma de Madrid}
}



@Article{Ciesielski2010,
  Title                    = {The best constant approximant operators in {L}orentz spaces {$\Gamma_{p,w}$} and their applications},
  Author                   = {Ciesielski, M. and Kami{\'n}ska, A.},
  Journal                  = {J. Approx. Theory},
  Year                     = {2010},
  Number                   = {9},
  Pages                    = {1518--1544},
  Volume                   = {162},

  __markedentry            = {[fernando:6]},
  Coden                    = {JAXTAZ},
  Doi                      = {10.1016/j.jat.2010.04.002},
  Fjournal                 = {Journal of Approximation Theory},
  ISSN                     = {0021-9045},
  Mrclass                  = {41A50 (46E30)},
  Mrnumber                 = {2718884 (2011h:41030)},
  Mrreviewer               = {Fabi{\'a}n E. Levis},
  Owner                    = {fernando},
  Timestamp                = {2016.11.03},
  Url                      = {http://dx.doi.org/10.1016/j.jat.2010.04.002}
}

@Book{clarke1990optimization,
  Title                    = {Optimization and Nonsmooth Analysis},
  Author                   = {Clarke, F.H.},
  Publisher                = {SIAM, Philadelphia},
  Year                     = {1990},
  Series                   = {Classics in Applied Mathematics}
}

@Other{Clavero2011,
  Title                    = {Optimal {S}obolev embeddings and {F}unction {S}paces},
  __markedentry            = {[fernando:6]},
  Author                   = {Clavero, N.},
  Bdsk-url-1               = {http://www.maia.ub.edu/~soria/sobolev1.pdf},
  Owner                    = {fernando},
  Timestamp                = {2016.11.03},
  Url                      = {http://www.maia.ub.edu/~soria/sobolev1.pdf},
  Year                     = {2011}
}

@Misc{claverooptimal,
  Title                    = {Optimal {S}obolev embeddings and {F}unction {S}paces},

  Author                   = {Clavero, N.},
  HowPublished             = {\url{http://www.maia.ub.edu/~soria/sobolev1.pdf}},
  Note                     = {Last accessed: 2014-12-22.},
  Year                     = {2011}
}

@Book{Conway1977,
  Title                    = {A Course in Functional Analysis},
  Author                   = {J. B. Conway},
  Publisher                = {Springer},
  Year                     = {1977},

  Address                  = {USA}
}

@Article{Cruz-Uribe2007,
  Title                    = {Approximate identities in variable {$L^p$} spaces},
  Author                   = {Cruz-Uribe, D. and Fiorenza, A.},
  Journal                  = {Math. Nachr.},
  Year                     = {2007},
  Number                   = {3},
  Pages                    = {256--270},
  Volume                   = {280},

  __markedentry            = {[fernando:6]},
  Doi                      = {10.1002/mana.200410479},
  Fjournal                 = {Mathematische Nachrichten},
  ISSN                     = {0025-584X},
  Mrclass                  = {42B25 (42B35 46E30)},
  Mrnumber                 = {2292148 (2008h:42028)},
  Owner                    = {fernando},
  Timestamp                = {2016.11.03},
  Url                      = {http://dx.doi.org/10.1002/mana.200410479}
}

@Article{Cuenya2011,
  Title                    = {Extension of the operator of best polynomial approximation in {$L^p(\Omega)$}},
  Author                   = {Cuenya, H.},
  Journal                  = {J. Math. Anal. Appl.},
  Year                     = {2011},
  Number                   = {2},
  Pages                    = {565--575},
  Volume                   = {376},

  __markedentry            = {[fernando:6]},
  Coden                    = {JMANAK},
  Doi                      = {10.1016/j.jmaa.2010.10.037},
  Fjournal                 = {Journal of Mathematical Analysis and Applications},
  ISSN                     = {0022-247X},
  Mrclass                  = {41A50 (41A45 46E30)},
  Mrnumber                 = {2747780 (2011m:41048)},
  Mrreviewer               = {D. Leviatan},
  Owner                    = {fernando},
  Timestamp                = {2016.11.03},
  Url                      = {http://dx.doi.org/10.1016/j.jmaa.2010.10.037}
}

@Article{Cuenya2012,
  Title                    = {Inequalities in ${L}^{p-1}$ for the extended ${L}^p$ best approximation operator.},
  Author                   = {Cuenya, H. and Favier, S. and Z{\'o}, F.},
  Journal                  = {J. Math. Anal. Appl.},
  Year                     = {2012},
  Pages                    = {80--88},
  Volume                   = {393},

  __markedentry            = {[fernando:6]},
  Fjournal                 = {Journal of Mathematical Analysis and Applications},
  Owner                    = {fernando},
  Timestamp                = {2016.11.03}
}

@Article{Desch2001,
  Title                    = {On the well-posedness of constitutive laws involving dissipation potentials.},
  Author                   = { Desch, W. and Grimmer, R.},
  Journal                  = {Trans. Amer. Math. Soc},
  Year                     = {2001},
  Number                   = { 353},
  Pages                    = { 5095--5120},

  __markedentry            = {[fernando:6]},
  Owner                    = {fernando},
  Timestamp                = {2016.11.03}
}

@Article{Dragomir2000,
  Title                    = {Inequalities for beta and gamma functions via some classical and new integral inequalities},
  Author                   = {Dragomir, S.S. and Agarwal, R.P. and Barnett, N.S.},
  Journal                  = {J. Inequal. Appl.},
  Year                     = {2000},
  Number                   = {2},
  Pages                    = {103--165},
  Volume                   = {5},

  __markedentry            = {[fernando:6]},
  Bdsk-url-1               = {http://dx.doi.org/10.1155/S1025583400000084},
  Coden                    = {JIAPF3},
  Doi                      = {10.1155/S1025583400000084},
  Fjournal                 = {Journal of Inequalities and Applications},
  ISSN                     = {1025-5834},
  Mrclass                  = {26D07 (33B15)},
  Mrnumber                 = {1753533 (2000m:26012)},
  Owner                    = {fernando},
  Timestamp                = {2016.11.03},
  Url                      = {http://dx.doi.org/10.1155/S1025583400000084}
}

@Misc{driver,
  Title                    = {Analysis Tools with Applications},

  Author                   = {Driver, B.},
  HowPublished             = {\url{http://www.math.ucsd.edu/~bdriver/231-02-03/Lecture_Notes/PDE-Anal-Book/analpde1.pdf}},
  Note                     = {Last accessed: 2014-12-22.},
  Year                     = {2003}
}

@Article{edmunds2000optimal,
  Title                    = {Optimal {S}obolev imbeddings involving rearrangement-invariant quasinorms},
  Author                   = {Edmunds, D. and Kerman, R. and Pick, L.},
  Journal                  = {J. Funct. Anal.},
  Year                     = {2000},
  Number                   = {2},
  Pages                    = {307--355},
  Volume                   = {170},

  Fjournal                 = {Journal of Functional Analysis}
}

@Book{ekeland1999convex,
  Title                    = {Convex analysis and variational problems},
  Author                   = {Ekeland, I. and T{\'e}mam, R.},
  Publisher                = {Society for Industrial and Applied Mathematics (SIAM), Philadelphia, PA},
  Year                     = {1999}
}

@Book{erdelyi,
  Title                    = {Asymptotic expansions},
  Author                   = {A. Erdelyi},
  Publisher                = {Dover Publications},
  Year                     = {2010}
}

@Book{Fava1996,
  Title                    = {Medida e Integral de Lebesgue},
  Author                   = {Fava, N. and Z\'o, F.},
  Publisher                = {Red Ol\'{i}mpica},
  Year                     = {1996},
  Series                   = {Textos Universitarios},
  Volume                   = {1},

  __markedentry            = {[fernando:6]},
  Owner                    = {fernando},
  Pages                    = {x+305},
  Timestamp                = {2016.11.03}
}

@Article{Favier2014,
  Title                    = {Inequalities for one-sided operators in {O}rlicz spaces},
  Author                   = {Favier, S. and Acinas, S.},
  Journal                  = {Actas del XII Congreso Dr. Antonio A. R. Monteiro (2013)},
  Year                     = {2014},
  Pages                    = {149--161},
  Volume                   = {12},

  __markedentry            = {[fernando:6]},
  Fjournal                 = {Actas del XII Congreso Dr. Antonio A. R. Monteiro (2013)},
  ISSN                     = {0327-9170},
  Owner                    = {fernando},
  Timestamp                = {2016.11.03}
}

@Article{Favier2004-2005,
  Title                    = {A {L}ebesgue type differentiation theorem for best approximations by constants in {O}rlicz spaces},
  Author                   = {Favier, S. and Z{\'o}, F.},
  Journal                  = {Real Anal. Exchange},
  Year                     = {2004-2005},
  Number                   = {1},
  Pages                    = {29--41},
  Volume                   = {30},

  __markedentry            = {[fernando:6]},
  Fjournal                 = {Real Analysis Exchange},
  ISSN                     = {0147-1937},
  Mrclass                  = {41A50 (46E30)},
  Mrnumber                 = {2126792 (2005m:41057)},
  Mrreviewer               = {W. W. Breckner},
  Owner                    = {fernando},
  Timestamp                = {2016.11.03},
  Url                      = {http://projecteuclid.org/euclid.rae/1122482114}
}

@Article{Favier2011,
  Title                    = {Maximal inequalities for a best approximation operator in {O}rlicz spaces},
  Author                   = {Favier, S. and Z{\'o}, F.},
  Journal                  = {Comment. Math.},
  Year                     = {2011},
  Number                   = {1},
  Pages                    = {3--21},
  Volume                   = {51},

  __markedentry            = {[fernando:6]},
  Fjournal                 = {Commentationes Mathematicae. Annals of the Polish Mathematical Society. Series I},
  ISSN                     = {0373-8299},
  Mrclass                  = {41A50 (41A63 42B25 46E30)},
  Mrnumber                 = {2768735 (2012h:41038)},
  Mrreviewer               = {W. W. Breckner},
  Owner                    = {fernando},
  Timestamp                = {2016.11.03}
}

@Article{Favier2001,
  Title                    = {Extension of the best approximation operator in {O}rlicz spaces and weak-type inequalities},
  Author                   = {Favier, S. and Z{\'o}, F.},
  Journal                  = {Abstr. Appl. Anal.},
  Year                     = {2001},
  Number                   = {2},
  Pages                    = {101--114},
  Volume                   = {6},

  __markedentry            = {[fernando:6]},
  Doi                      = {10.1155/S1085337501000446},
  Fjournal                 = {Abstract and Applied Analysis},
  ISSN                     = {1085-3375},
  Mrclass                  = {41A65 (41A50 46E30)},
  Mrnumber                 = {1858752 (2002j:41033)},
  Mrreviewer               = {Les{\l}aw Skrzypek},
  Owner                    = {fernando},
  Timestamp                = {2016.11.03},
  Url                      = {http://dx.doi.org/10.1155/S1085337501000446}
}

@Article{FK97,
  Title                    = {Indices of {O}rlicz spaces and some applications},
  Author                   = {Fiorenza, A. and Krbec, M.},
  Journal                  = {Comment. Math. Univ. Carolin.},
  Year                     = {1997},
  Number                   = {3},
  Pages                    = {433--451},
  Volume                   = {38},

  Coden                    = {CMUCAA},
  Fjournal                 = {Commentationes Mathematicae Universitatis Carolinae},
  ISSN                     = {0010-2628},
  Mrclass                  = {46E30 (26A12 42B20)},
  Mrnumber                 = {1485066 (99b:46032)},
  Mrreviewer               = {Ha Huy Bang}
}

@Book{fonseca2007modern,
  Title                    = {Modern Methods in the Calculus of Variations: L\^{}p Spaces},
  Author                   = {Fonseca, I. and Leoni, G.},
  Publisher                = {Springer},
  Year                     = {2007},
  Series                   = {Springer Monographs in Mathematics}
}

@Article{M-1999,
  Title                    = {On principal eigenvalues for quasilinear elliptic differential operators: an {O}rlicz-{S}obolev space setting},
  Author                   = {Garc{\'{\i}}a-Huidobro, M. and Le, V. and Man{\'a}sevich, R. and Schmitt, K.},
  Journal                  = {NoDEA Nonlinear Differential Equations Appl.},
  Year                     = {1999},
  Number                   = {2},
  Pages                    = {207--225},
  Volume                   = {6},

  Fjournal                 = {NoDEA. Nonlinear Differential Equations and Applications}
}

@Article{Garcia-Huidobro1994,
  Title                    = {A {F}redholm-like result for strongly nonlinear second order {ODE}s},
  Author                   = {Garc{\'{\i}}a-Huidobro, M. and Man{\'a}sevich, R. and Zanolin, F.},
  Journal                  = {J. Differential Equations},
  Year                     = {1994},
  Number                   = {1},
  Pages                    = {132--167},
  Volume                   = {114},

  __markedentry            = {[fernando:6]},
  Bdsk-url-1               = {http://dx.doi.org/10.1006/jdeq.1994.1144},
  Coden                    = {JDEQAK},
  Doi                      = {10.1006/jdeq.1994.1144},
  Fjournal                 = {Journal of Differential Equations},
  ISSN                     = {0022-0396},
  Mrclass                  = {34B15 (47H15)},
  Mrnumber                 = {1302138 (95k:34033)},
  Mrreviewer               = {Norman Dancer},
  Owner                    = {fernando},
  Timestamp                = {2016.11.03},
  Url                      = {http://dx.doi.org/10.1006/jdeq.1994.1144}
}

@Article{Garcia-Huidobro1996,
  Title                    = {On principal eigenvalues of {$p$}-{L}aplacian-like operators},
  Author                   = {Garcia-Huidobro, M. and Man{\'a}sevich, R. and Schmitt, K.},
  Journal                  = {J. Differential Equations},
  Year                     = {1996},
  Number                   = {1},
  Pages                    = {235--246},
  Volume                   = {130},

  __markedentry            = {[fernando:6]},
  Bdsk-url-1               = {http://dx.doi.org/10.1006/jdeq.1996.0140},
  Coden                    = {JDEQAK},
  Doi                      = {10.1006/jdeq.1996.0140},
  Fjournal                 = {Journal of Differential Equations},
  ISSN                     = {0022-0396},
  Mrclass                  = {35J65 (35P30)},
  Mrnumber                 = {1409031 (97f:35068)},
  Mrreviewer               = {Zuchi Chen},
  Owner                    = {fernando},
  Timestamp                = {2016.11.03},
  Url                      = {http://dx.doi.org/10.1006/jdeq.1996.0140}
}

@Article{GP77,
  Title                    = {Interpolation of {O}rlicz spaces},
  Author                   = {Gustavsson, J. and Peetre, J.},
  Journal                  = {Studia Mathematica},
  Year                     = {1977},
  Number                   = {1},
  Pages                    = {33-59},
  Volume                   = {60},

  Bdsk-url-1               = {http://eudml.org/doc/218150},
  Language                 = {eng},
  Publisher                = {Institute of Mathematics Polish Academy of Sciences},
  Url                      = {http://eudml.org/doc/218150}
}

@Article{Gustavsson1977,
  Title                    = {Interpolation of Orlicz spaces},
  Author                   = {Gustavsson, Jan and Peetre, Jaak},
  Journal                  = {Studia Mathematica},
  Year                     = {1977},
  Number                   = {1},
  Pages                    = {33-59},
  Volume                   = {60},

  Language                 = {eng},
  Publisher                = {Institute of Mathematics Polish Academy of Sciences},
  Url                      = {http://eudml.org/doc/218150}
}

@Book{Guzman1975,
  Title                    = {Differentiation of integrals in {$R^{n}$}},
  Author                   = {de Guzm{\'a}n, M.},
  Publisher                = {Springer-Verlag, Berlin-New York},
  Year                     = {1975},
  Note                     = {With appendices by Antonio C{\'o}rdoba, and Robert Fefferman, and two by Roberto Moriy{\'o}n},
  Series                   = {Lecture Notes in Mathematics},
  Volume                   = {481},

  __markedentry            = {[fernando:6]},
  Mrclass                  = {28A15},
  Mrnumber                 = {0457661 (56 \#15866)},
  Mrreviewer               = {Calixto P. Calderon},
  Owner                    = {fernando},
  Pages                    = {xii+266},
  Timestamp                = {2016.11.03}
}

@Article{Hernandez1992,
  Title                    = {Universal classes of {O}rlicz function spaces},
  Author                   = {Hern{\'a}ndez, F.L. and Ruiz, C.},
  Journal                  = {Pacific J. Math.},
  Year                     = {1992},
  Number                   = {1},
  Pages                    = {87--98},
  Volume                   = {155},

  __markedentry            = {[fernando:6]},
  Coden                    = {PJMAAI},
  Fjournal                 = {Pacific Journal of Mathematics},
  ISSN                     = {0030-8730},
  Mrclass                  = {46E30},
  Mrnumber                 = {1174477 (93i:46051)},
  Mrreviewer               = {Cong Xin Wu},
  Owner                    = {fernando},
  Timestamp                = {2016.11.03},
  Url                      = {http://projecteuclid.org/euclid.pjm/1102635469}
}

@Book{Hewitt1975,
  Title                    = {Real and abstract analysis - {A} modern treatment of the theory of functions of a real variable},
  Author                   = {Hewitt, E. and Stromberg, K.},
  Publisher                = {Springer-Verlag, New York-Heidelberg},
  Year                     = {1975},
  Series                   = { Graduate Texts in Mathematics},
  Volume                   = { 25},

  __markedentry            = {[fernando:6]},
  Mrclass                  = {26-02 (28-02 46-02)},
  Mrnumber                 = {0367121 (51 \#3363)},
  Owner                    = {fernando},
  Pages                    = {x+476},
  Timestamp                = {2016.11.03}
}

@Article{hudzik2000amemiya,
  Title                    = {Amemiya norm equals {O}rlicz norm in general},
  Author                   = {Hudzik, H. and Maligranda, L.},
  Journal                  = {Indag. Math. (N.S.)},
  Year                     = {2000},
  Number                   = {4},
  Pages                    = {573--585},
  Volume                   = {11},

  Fjournal                 = {Koninklijke Nederlandse Akademie van Wetenschappen. Indagationes Mathematicae. New Series}
}

@Article{Huentutripay2006,
  Title                    = {Nonlinear eigenvalues for a quasilinear elliptic system in {O}rlicz-{S}obolev spaces},
  Author                   = {Huentutripay, J. and Man{\'a}sevich, R.},
  Journal                  = {J. Dynam. Differential Equations},
  Year                     = {2006},
  Number                   = {4},
  Pages                    = {901--929},
  Volume                   = {18},

  __markedentry            = {[fernando:6]},
  Bdsk-url-1               = {http://dx.doi.org/10.1007/s10884-006-9049-7},
  Coden                    = {JDDEEH},
  Doi                      = {10.1007/s10884-006-9049-7},
  Fjournal                 = {Journal of Dynamics and Differential Equations.},
  ISSN                     = {1040-7294},
  Mrclass                  = {35J55 (35J60 35P30 47J30)},
  Mrnumber                 = {2263407 (2007f:35065)},
  Owner                    = {fernando},
  Timestamp                = {2016.11.03},
  Url                      = {http://dx.doi.org/10.1007/s10884-006-9049-7}
}

@Article{Karlovich1996,
  Title                    = {Algebras of singular integral operators with piecewise continuous coefficients on reflexive {O}rlicz spaces},
  Author                   = {Karlovich, A.Y.},
  Journal                  = {Math. Nachr.},
  Year                     = {1996},
  Pages                    = {187--222},
  Volume                   = {179},

  __markedentry            = {[fernando:6]},
  Coden                    = {MTMNAQ},
  Doi                      = {10.1002/mana.19961790112},
  Fjournal                 = {Mathematische Nachrichten},
  ISSN                     = {0025-584X},
  Mrclass                  = {47B35 (46E30 47G10)},
  Mrnumber                 = {1389457 (97b:47020)},
  Mrreviewer               = {Naum Ya. Krupnik},
  Owner                    = {fernando},
  Timestamp                = {2016.11.03},
  Url                      = {http://dx.doi.org/10.1002/mana.19961790112}
}

@Article{kato1964demicontinuity,
  Title                    = {Demicontinuity, hemicontinuity and monotonicity},
  Author                   = {Kato, T.},
  Journal                  = {Bull. Amer. Math. Soc.},
  Year                     = {1964},
  Pages                    = {548--550},
  Volume                   = {70},

  Fjournal                 = {Bulletin of the American Mathematical Society}
}

@Article{Kerman2014,
  Title                    = {Marcinkiewicz interpolation theorems for {O}rlicz and {L}orentz gamma spaces},
  Author                   = {Kerman, R. and Phipps, C. and Pick, L.},
  Journal                  = {Publ. Mat.},
  Year                     = {2014},
  Number                   = {1},
  Pages                    = {3--30},
  Volume                   = {58},

  __markedentry            = {[fernando:6]},
  Fjournal                 = {Publicacions Matem\`atiques},
  ISSN                     = {0214-1493},
  Mrclass                  = {42A10 (42B20)},
  Mrnumber                 = {3161506},
  Owner                    = {fernando},
  Timestamp                = {2016.11.03},
  Url                      = {http://projecteuclid.org/euclid.pm/1387570388}
}

@InProceedings{Kerman2006,
  Title                    = {Optimal Sobolev imbeddings},
  Author                   = {Kerman, R. and Pick, L.},
  Booktitle                = {Forum Mathematicum},
  Year                     = {2006},
  Pages                    = {535--570},
  Volume                   = {18},

  __markedentry            = {[fernando:6]},
  Owner                    = {fernando},
  Timestamp                = {2016.11.03}
}

@Article{kerman2006optimal,
  Title                    = {Optimal {S}obolev imbeddings},
  Author                   = {Kerman, R. and Pick, L.},
  Journal                  = {Forum Math.},
  Year                     = {2006},
  Number                   = {4},
  Pages                    = {535--570},
  Volume                   = {18},

  Fjournal                 = {Forum Mathematicum}
}

@Book{Kokilashvili1991,
  Title                    = {Weighted inequalities in {L}orentz and {O}rlicz spaces},
  Author                   = {Kokilashvili, V. and Krbec, M.},
  Publisher                = {World Scientific Publishing Co., Inc., River Edge, NJ},
  Year                     = {1991},

  __markedentry            = {[fernando:6]},
  Doi                      = {10.1142/9789814360302},
  ISBN                     = {981-02-0612-7},
  Mrclass                  = {42B25 (26D10 42B10 46E30 47B38 47G10)},
  Mrnumber                 = {1156767 (93g:42013)},
  Mrreviewer               = {Vladimir D. Stepanov},
  Owner                    = {fernando},
  Pages                    = {xii+233},
  Timestamp                = {2016.11.03},
  Url                      = {http://dx.doi.org/10.1142/9789814360302}
}

@Book{krasnosel2011integral,
  Title                    = {Integral operators in spaces of summable functions},
  Author                   = {Krasnosel'skii, M.A. and Zabreyko, P.P. and Pustylnik, E.I. and Sobolevski, P.E.},
  Publisher                = {Springer Netherlands},
  Year                     = {2011},
  Series                   = {Mechanics: Analysis}
}

@Book{KR,
  Title                    = {Convex functions and {O}rlicz spaces},
  Author                   = {Krasnosel{\cprime}ski{\u\i}, M. A. and Ruticki{\u\i}, Ja. B.},
  Publisher                = {P. Noordhoff Ltd., Groningen},
  Year                     = {1961}
}

@Article{Landers1981,
  Title                    = {Isotonic approximation in {$L_{s}$}},
  Author                   = {Landers, D. and Rogge, L.},
  Journal                  = {J. Approx. Theory},
  Year                     = {1981},
  Number                   = {3},
  Pages                    = {199--223},
  Volume                   = {31},

  __markedentry            = {[fernando:6]},
  Coden                    = {JAXTAZ},
  Doi                      = {10.1016/0021-9045(81)90091-5},
  Fjournal                 = {Journal of Approximation Theory},
  ISSN                     = {0021-9045},
  Mrclass                  = {60F25},
  Mrnumber                 = {624009 (82j:60055)},
  Mrreviewer               = {D. Ramachandran},
  Owner                    = {fernando},
  Timestamp                = {2016.11.03},
  Url                      = {http://dx.doi.org/10.1016/0021-9045(81)90091-5}
}

@Article{Landers1980,
  Title                    = {Best approximants in {$L_{\Phi }$}-spaces},
  Author                   = {Landers, D. and Rogge, L.},
  Journal                  = {Z. Wahrsch. Verw. Gebiete},
  Year                     = {1980},
  Number                   = {2},
  Pages                    = {215--237},
  Volume                   = {51},

  __markedentry            = {[fernando:6]},
  Doi                      = {10.1007/BF00536190},
  Fjournal                 = {Zeitschrift f\"ur Wahrscheinlichkeitstheorie und Verwandte Gebiete},
  ISSN                     = {0044-3719},
  Mrclass                  = {41A30 (62M20)},
  Mrnumber                 = {566317 (81c:41042)},
  Mrreviewer               = {M. M. Rao},
  Owner                    = {fernando},
  Timestamp                = {2016.11.03},
  Url                      = {http://dx.doi.org/10.1007/BF00536190}
}

@Article{Legg1989,
  Title                    = {Sets of best {$L_1$}-approximants},
  Author                   = {Legg, David A. and Townsend, D.W.},
  Journal                  = {J. Approx. Theory},
  Year                     = {1989},
  Number                   = {3},
  Pages                    = {316--320},
  Volume                   = {59},

  __markedentry            = {[fernando:6]},
  Coden                    = {JAXTAZ},
  Doi                      = {10.1016/0021-9045(89)90097-X},
  Fjournal                 = {Journal of Approximation Theory},
  ISSN                     = {0021-9045},
  Mrclass                  = {41A50},
  Mrnumber                 = {1027961 (91g:41034)},
  Owner                    = {fernando},
  Timestamp                = {2016.11.03},
  Url                      = {http://dx.doi.org/10.1016/0021-9045(89)90097-X}
}

@Article{Levis2010,
  Title                    = {Weak inequalities for maximal functions in {O}rlicz-{L}orentz spaces and applications},
  Author                   = {Levis, F.E.},
  Journal                  = {J. Approx. Theory},
  Year                     = {2010},
  Number                   = {2},
  Pages                    = {239--251},
  Volume                   = {162},

  __markedentry            = {[fernando:6]},
  Coden                    = {JAXTAZ},
  Doi                      = {10.1016/j.jat.2009.04.005},
  Fjournal                 = {Journal of Approximation Theory},
  ISSN                     = {0021-9045},
  Mrclass                  = {26D10 (28A20 46E15)},
  Mrnumber                 = {2581380 (2011c:26035)},
  Mrreviewer               = {Alexander S. Kochurov},
  Owner                    = {fernando},
  Timestamp                = {2016.11.03},
  Url                      = {http://dx.doi.org/10.1016/j.jat.2009.04.005}
}

@Book{Lindenstrauss1977,
  Title                    = {Classical {B}anach spaces {I}},
  Author                   = {Lindenstrauss, J. and Tzafriri, L.},
  Publisher                = {Springer-Verlag, Berlin-New York},
  Year                     = {1977},
  Series                   = { Ergebnisse der Mathematik und ihrer Grenzgebiete [Results in Mathematics and Related Areas]},
  Volume                   = { 92},

  __markedentry            = {[fernando:6]},
  ISBN                     = {3-540-08072-4},
  Mrclass                  = {46-02 (46A45 46BXX)},
  Mrnumber                 = {0500056 (58 \#17766)},
  Mrreviewer               = {S. V. Kisljakov},
  Owner                    = {fernando},
  Pages                    = {xiii+188},
  Timestamp                = {2016.11.03}
}

@Article{Liskowski2005,
  Title                    = {Approximation by functions in {$C^\infty_0(\Omega)$} in {O}rlicz-{S}obolev spaces},
  Author                   = {Liskowski, M.},
  Journal                  = {Fasc. Math.},
  Year                     = {2005},
  Number                   = {36},
  Pages                    = {73--82},

  __markedentry            = {[fernando:6]},
  Coden                    = {FMPMDH},
  Fjournal                 = {Polytechnica Posnaniensis. Institutum Mathematicum. Fasciculi Mathematici},
  ISSN                     = {0044-4413},
  Mrclass                  = {41A30 (42B35 46E35)},
  Mrnumber                 = {2223644 (2006m:41027)},
  Mrreviewer               = {H{\'e}ctor Hugo Cuenya},
  Owner                    = {fernando},
  Timestamp                = {2016.11.03}
}

@Article{Maeda2010,
  Title                    = {Approximate identities and {Y}oung type inequalities in variable {L}ebesgue-{O}rlicz spaces {$L^{p(\cdot)}(\log L)^{q(\cdot)}$}},
  Author                   = {Maeda, F-Y. and Mizuta, Y. and Ohno, T.},
  Journal                  = {Ann. Acad. Sci. Fenn. Math.},
  Year                     = {2010},
  Number                   = {2},
  Pages                    = {405--420},
  Volume                   = {35},

  __markedentry            = {[fernando:6]},
  Doi                      = {10.5186/aasfm.2010.3526},
  Fjournal                 = {Annales Academi\ae\ Scientiarum Fennic\ae . Mathematica},
  ISSN                     = {1239-629X},
  Mrclass                  = {46E30 (42B35)},
  Mrnumber                 = {2731699 (2011k:46041)},
  Mrreviewer               = {Alexandre Almeida},
  Owner                    = {fernando},
  Timestamp                = {2016.11.03},
  Url                      = {http://dx.doi.org/10.5186/aasfm.2010.3526}
}

@Book{M,
  Title                    = {Orlicz spaces and interpolation},
  Author                   = {Maligranda, L.},
  Publisher                = {Universidade Estadual de Campinas, Departamento de Matem\'atica, Campinas},
  Year                     = {1989},
  Series                   = {Semin\'arios de Matem\'atica [Seminars in Mathematics]},
  Volume                   = {5}
}

@Article{manasevich2000boundary,
  Title                    = {Boundary value problems for nonlinear perturbations of vector {$p$}-{L}aplacian-like operators},
  Author                   = {Man{\'a}sevich, R. and Mawhin, J.},
  Journal                  = {J. Korean Math. Soc.},
  Year                     = {2000},
  Number                   = {5},
  Pages                    = {665--685},
  Volume                   = {37},

  Fjournal                 = {Journal of the Korean Mathematical Society}
}

@Article{manasevich1998periodic,
  Title                    = {Periodic solutions for nonlinear systems with {$p$}-{L}aplacian-like operators},
  Author                   = {Man{\'a}sevich, R. and Mawhin, J.},
  Journal                  = {J. Differential Equations},
  Year                     = {1998},
  Number                   = {2},
  Pages                    = {367--393},
  Volume                   = {145},

  Fjournal                 = {Journal of Differential Equations}
}

@Article{Manasevich1993,
  Title                    = {Time-mappings and multiplicity of solutions for the one-dimensional {$p$}-{L}aplacian},
  Author                   = {Man{\'a}sevich, R. and Zanolin, F.},
  Journal                  = {Nonlinear Anal.},
  Year                     = {1993},
  Number                   = {4},
  Pages                    = {269--291},
  Volume                   = {21},

  __markedentry            = {[fernando:6]},
  Bdsk-url-1               = {http://dx.doi.org/10.1016/0362-546X(93)90020-S},
  Coden                    = {NOANDD},
  Doi                      = {10.1016/0362-546X(93)90020-S},
  Fjournal                 = {Nonlinear Analysis. Theory, Methods \& Applications. An International Multidisciplinary Journal. Series A: Theory and Methods},
  ISSN                     = {0362-546X},
  Mrclass                  = {34B15 (47H15 47N20)},
  Mrnumber                 = {1237587 (94f:34052)},
  Mrreviewer               = {Maria Patrizia Pera},
  Owner                    = {fernando},
  Timestamp                = {2016.11.03},
  Url                      = {http://dx.doi.org/10.1016/0362-546X(93)90020-S}
}

@Book{Mawhin2010,
  Title                    = {Critical Point Theory and Hamiltonian Systems},
  Author                   = {Mawhin, J. and Willem, M.},
  Publisher                = {Springer},
  Year                     = {2010},
  Series                   = {Applied Mathematical Sciences},

  __markedentry            = {[fernando:6]},
  Bdsk-url-1               = {http://books.google.com.ar/books?id=wFGmcQAACAAJ},
  ISBN                     = {9781441930897},
  Owner                    = {fernando},
  Timestamp                = {2016.11.03},
  Url                      = {http://books.google.com.ar/books?id=wFGmcQAACAAJ}
}

@Book{mawhin2010critical,
  Title                    = {Critical point theory and {H}amiltonian systems},
  Author                   = {Mawhin, J. and Willem, M.},
  Publisher                = {Springer-Verlag, New York},
  Year                     = {1989}
}

@Article{Mazzone2002,
  Title                    = {Isotonic approximation in {$L_1$}},
  Author                   = {Mazzone, F. and Cuenya, H.},
  Journal                  = {J. Approx. Theory},
  Year                     = {2002},
  Number                   = {2},
  Pages                    = {279--300},
  Volume                   = {117},

  __markedentry            = {[fernando:6]},
  Coden                    = {JAXTAZ},
  Doi                      = {10.1006/jath.2002.3702},
  Fjournal                 = {Journal of Approximation Theory},
  ISSN                     = {0021-9045},
  Mrclass                  = {41A50 (41A65)},
  Mrnumber                 = {1924654 (2003f:41046)},
  Mrreviewer               = {Grzegorz Lewicki},
  Owner                    = {fernando},
  Timestamp                = {2016.11.03},
  Url                      = {http://dx.doi.org/10.1006/jath.2002.3702}
}

@Article{Mazzone2001,
  Title                    = {Maximal inequalities and {L}ebesgue's differentiation theorem for best approximant by constant over balls},
  Author                   = {Mazzone, F. and Cuenya, H.},
  Journal                  = {J. Approx. Theory},
  Year                     = {2001},
  Number                   = {2},
  Pages                    = {171--179},
  Volume                   = {110},

  __markedentry            = {[fernando:6]},
  Coden                    = {JAXTAZ},
  Doi                      = {10.1006/jath.2001.3559},
  Fjournal                 = {Journal of Approximation Theory},
  ISSN                     = {0021-9045},
  Mrclass                  = {41A50},
  Mrnumber                 = {1830535 (2002c:41041)},
  Mrreviewer               = {Chengmin Yang},
  Owner                    = {fernando},
  Timestamp                = {2016.11.03},
  Url                      = {http://dx.doi.org/10.1006/jath.2001.3559}
}

@Article{Mazzone2001a,
  Title                    = {On best local approximants in {$L_2({\Bbb R}^n)$}},
  Author                   = {Mazzone, F. and Cuenya, H.},
  Journal                  = {Rev. Un. Mat. Argentina},
  Year                     = {2001},
  Number                   = {2},
  Pages                    = {51--56 (2002)},
  Volume                   = {42},

  __markedentry            = {[fernando:6]},
  Coden                    = {RMAFAG},
  Fjournal                 = {Revista de la Uni\'on Matem\'atica Argentina},
  ISSN                     = {0041-6932},
  Mrclass                  = {41A50},
  Mrnumber                 = {1969622 (2004c:41058)},
  Owner                    = {fernando},
  Timestamp                = {2016.11.03}
}

@Article{Mazzone2009,
  Title                    = {On maximal inequalities arising in best approximation},
  Author                   = {Mazzone, F.D. and Z{\'o}, F.},
  Journal                  = {JIPAM. J. Inequal. Pure Appl. Math.},
  Year                     = {2009},
  Number                   = {2},
  Pages                    = {Article 58, 10},
  Volume                   = {10},

  __markedentry            = {[fernando:6]},
  Fjournal                 = {JIPAM. Journal of Inequalities in Pure and Applied Mathematics},
  ISSN                     = {1443-5756},
  Mrclass                  = {41A30 (41A17 41A63)},
  Mrnumber                 = {2511951 (2010i:41019)},
  Owner                    = {fernando},
  Timestamp                = {2016.11.03}
}

@Article{Mihailescu2010,
  Title                    = {Eigenvalue problems for anisotropic elliptic equations: an {O}rlicz-{S}obolev space setting},
  Author                   = {Mih{\u{a}}ilescu, M. and Moro{\c{s}}anu, G. and R{\u{a}}dulescu, V.},
  Journal                  = {Nonlinear Anal.},
  Year                     = {2010},
  Number                   = {10},
  Pages                    = {3239--3253},
  Volume                   = {73},

  __markedentry            = {[fernando:6]},
  Bdsk-url-1               = {http://dx.doi.org/10.1016/j.na.2010.07.004},
  Coden                    = {NOANDD},
  Doi                      = {10.1016/j.na.2010.07.004},
  Fjournal                 = {Nonlinear Analysis. Theory, Methods \& Applications. An International Multidisciplinary Journal. Series A: Theory and Methods},
  ISSN                     = {0362-546X},
  Mrclass                  = {35J70 (35P05 46N20 47J30)},
  Mrnumber                 = {2680018 (2011g:35130)},
  Owner                    = {fernando},
  Timestamp                = {2016.11.03},
  Url                      = {http://dx.doi.org/10.1016/j.na.2010.07.004}
}

@Article{Mihailescu2009,
  Title                    = {A continuous spectrum for nonhomogeneous differential operators in {O}rlicz-{S}obolev spaces},
  Author                   = {Mih{\u{a}}ilescu, M. and R{\u{a}}dulescu, V.},
  Journal                  = {Math. Scand.},
  Year                     = {2009},
  Number                   = {1},
  Pages                    = {132--146},
  Volume                   = {104},

  __markedentry            = {[fernando:6]},
  Coden                    = {MTSCAN},
  Fjournal                 = {Mathematica Scandinavica},
  ISSN                     = {0025-5521},
  Mrclass                  = {35J60 (35J25 35P05 47F05 49R05)},
  Mrnumber                 = {2498377 (2010b:35135)},
  Mrreviewer               = {Stephen B. Robinson},
  Owner                    = {fernando},
  Timestamp                = {2016.11.03}
}

@Article{Mihailescu2008,
  Title                    = {Eigenvalue problems associated with nonhomogeneous differential operators in {O}rlicz-{S}obolev spaces},
  Author                   = {Mih{\u{a}}ilescu, M. and R{\u{a}}dulescu, V.},
  Journal                  = {Anal. Appl. (Singap.)},
  Year                     = {2008},
  Number                   = {1},
  Pages                    = {83--98},
  Volume                   = {6},

  __markedentry            = {[fernando:6]},
  Bdsk-url-1               = {http://dx.doi.org/10.1142/S0219530508001067},
  Doi                      = {10.1142/S0219530508001067},
  Fjournal                 = {Analysis and Applications},
  ISSN                     = {0219-5305},
  Mrclass                  = {35P30 (35J60 47J10 58E05)},
  Mrnumber                 = {2380887 (2008m:35258)},
  Mrreviewer               = {Jes{\'u}s Hern{\'a}ndez},
  Owner                    = {fernando},
  Timestamp                = {2016.11.03},
  Url                      = {http://dx.doi.org/10.1142/S0219530508001067}
}

@Article{Mihailescu2010a,
  Title                    = {On a non-homogeneous eigenvalue problem involving a potential: an {O}rlicz-{S}obolev space setting},
  Author                   = {Mih{\u{a}}ilescu, M. and R{\u{a}}dulescu, V. and Repov{\v{s}}, D.},
  Journal                  = {J. Math. Pures Appl. (9)},
  Year                     = {2010},
  Number                   = {2},
  Pages                    = {132--148},
  Volume                   = {93},

  __markedentry            = {[fernando:6]},
  Bdsk-url-1               = {http://dx.doi.org/10.1016/j.matpur.2009.06.004},
  Doi                      = {10.1016/j.matpur.2009.06.004},
  Fjournal                 = {Journal de Math\'ematiques Pures et Appliqu\'ees. Neuvi\`eme S\'erie},
  ISSN                     = {0021-7824},
  Mrclass                  = {35R30 (35J60 46E35 47J30 58E05)},
  Mrnumber                 = {2584738 (2011d:35519)},
  Mrreviewer               = {Sergey G. Pyatkov},
  Owner                    = {fernando},
  Timestamp                = {2016.11.03},
  Url                      = {http://dx.doi.org/10.1016/j.matpur.2009.06.004}
}

@InCollection{Montgomery-Smith1995,
  Title                    = {Boyd indices of {O}rlicz-{L}orentz spaces},
  Author                   = {Montgomery-Smith, Stephen J.},
  Booktitle                = {Function spaces ({E}dwardsville, {IL}, 1994)},
  Publisher                = {Dekker, New York},
  Year                     = {1995},
  Pages                    = {321--334},
  Series                   = {Lecture Notes in Pure and Appl. Math.},
  Volume                   = {172},

  __markedentry            = {[fernando:6]},
  Mrclass                  = {46E30},
  Mrnumber                 = {1352239 (96f:46053)},
  Owner                    = {fernando},
  Timestamp                = {2016.11.03}
}

@Misc{zbMATH04038592,
  Title                    = {{The superposition operator in Musielak-Orlicz spaces of vector-valfued functions.}},

  Author                   = {{P\l{}uciennik}, Ryszard},
  HowPublished             = {{Abstract analysis, Proc. 14th Winter Sch., Srn\'i/Czech. 1986, Suppl. Rend. Circ. Mat. Palermo, II. Ser. 14, 411-417 (1987).}},
  Year                     = {1987}
}

@Book{Pinkus1989,
  Title                    = {On {$L{^1}$}-approximation},
  Author                   = {Pinkus, A.M.},
  Publisher                = {Cambridge University Press, Cambridge},
  Year                     = {1989},
  Series                   = {Cambridge Tracts in Mathematics},
  Volume                   = {93},

  __markedentry            = {[fernando:6]},
  ISBN                     = {0-521-36650-X},
  Mrclass                  = {41A50 (41-02 41A52 46B25)},
  Mrnumber                 = {1020300 (90j:41046)},
  Mrreviewer               = {D. E. Wulbert},
  Owner                    = {fernando},
  Pages                    = {x+239},
  Timestamp                = {2016.11.03}
}

@Article{Pino1989,
  Title                    = {A homotopic deformation along {$p$} of a {L}eray-{S}chauder degree result and existence for {$(\vert u'\vert ^{p-2}u')'+f(t,u)=0,\;u(0)=u(T)=0,\;p>1$}},
  Author                   = {del Pino, M. and Elgueta, M. and Man{\'a}sevich, R.},
  Journal                  = {J. Differential Equations},
  Year                     = {1989},
  Number                   = {1},
  Pages                    = {1--13},
  Volume                   = {80},

  __markedentry            = {[fernando:6]},
  Bdsk-url-1               = {http://dx.doi.org/10.1016/0022-0396(89)90093-4},
  Coden                    = {JDEQAK},
  Doi                      = {10.1016/0022-0396(89)90093-4},
  Fjournal                 = {Journal of Differential Equations},
  ISSN                     = {0022-0396},
  Mrclass                  = {34B15 (47H11 47H15 58C30)},
  Mrnumber                 = {1003248 (91i:34018)},
  Mrreviewer               = {J. Dane{\v{s}}},
  Owner                    = {fernando},
  Timestamp                = {2016.11.03},
  Url                      = {http://dx.doi.org/10.1016/0022-0396(89)90093-4}
}

@Book{Rao1991,
  Title                    = {Theory of Orlicz spaces},
  Author                   = {Rao, M.M. and Ren, Z.D.},
  Publisher                = {M. Dekker},
  Year                     = {1991},

  __markedentry            = {[fernando:6]},
  Owner                    = {fernando},
  Timestamp                = {2016.11.03}
}

@Book{2002applications,
  Title                    = {Applications of {O}rlicz spaces},
  Author                   = {Rao, M. M. and Ren, Z. D.},
  Publisher                = {Marcel Dekker, Inc., New York},
  Year                     = {2002}
}

@Book{rao1991theory,
  Title                    = {Theory of {O}rlicz spaces},
  Author                   = {Rao, M. M. and Ren, Z. D.},
  Publisher                = {Marcel Dekker, Inc., New York},
  Year                     = {1991},
  Volume                   = {146}
}

@Book{Rice1964,
  Title                    = {The approximation of functions},
  Author                   = {Rice, J.R.},
  Publisher                = {Addison-Wesley Publishing Co., Reading, Mass.-London},
  Year                     = {1964},
  Volume                   = {{I}: {L}inear theory},

  __markedentry            = {[fernando:6]},
  Mrclass                  = {41.00},
  Mrnumber                 = {0166520 (29 \#3795)},
  Mrreviewer               = {T. J. Rivlin},
  Owner                    = {fernando},
  Pages                    = {xi+203},
  Timestamp                = {2016.11.03}
}

@Book{Rockafellar2009,
  Title                    = {Variational Analysis.},
  Author                   = {Rockafellar, R.T. and Wets, R.J.B.},
  Publisher                = {Springer},
  Year                     = {2009},
  Series                   = {Die Grundlehren der mathematischen Wissenschaften in Einzeldarstellungen},

  __markedentry            = {[fernando:6]},
  Bdsk-url-1               = {http://books.google.es/books?id=JSREAAAAQBAJ},
  ISBN                     = {9783642024313},
  Owner                    = {fernando},
  Timestamp                = {2016.11.03},
  Url                      = {http://books.google.es/books?id=JSREAAAAQBAJ}
}

@Book{rockafellar2009variational,
  Title                    = {Variational analysis},
  Author                   = {Rockafellar, R. T. and Wets, R.},
  Publisher                = {Springer-Verlag, Berlin},
  Year                     = {1998}
}

@Article{Orliczvectorial2005,
  Title                    = {A notion of {O}rlicz spaces for vector valued functions},
  Author                   = {Schappacher, G.},
  Journal                  = {Appl. Math.},
  Year                     = {2005},
  Number                   = {4},
  Pages                    = {355--386},
  Volume                   = {50},
  Fjournal                 = {Applications of Mathematics}
}

@Article{Simonenko1963,
  Title                    = {Interpolation and extrapolation of linear operators in {O}rlicz spaces},
  Author                   = {Simonenko, I.B.},
  Journal                  = {Dokl. Akad. Nauk SSSR},
  Year                     = {1963},
  Pages                    = {1288--1291},
  Volume                   = {151},

  __markedentry            = {[fernando:6]},
  Fjournal                 = {Doklady Akademii Nauk SSSR},
  ISSN                     = {0002-3264},
  Mrclass                  = {47.25 (46.35)},
  Mrnumber                 = {0152872 (27 \#2844)},
  Mrreviewer               = {L. de Branges},
  Owner                    = {fernando},
  Timestamp                = {2016.11.03}
}

@Book{Singer1970,
  Title                    = {Best approximation in normed linear spaces by elements of linear subspaces},
  Author                   = {Singer, I.},
  Publisher                = {Publishing House of the Academy of the Socialist Republic of Romania, Bucharest; Springer-Verlag, New York-Berlin},
  Year                     = {1970},
  Note                     = {Translated from the Romanian by Radu Georgescu},
  Series                   = { Die Grundlehren der mathematischen Wissenschaften},
  Volume                   = {171},

  __markedentry            = {[fernando:6]},
  Mrclass                  = {41.60},
  Mrnumber                 = {0270044 (42 \#4937)},
  Owner                    = {fernando},
  Pages                    = {415},
  Timestamp                = {2016.11.03}
}

@Article{Skaff1969,
  Title                    = {Vector valued {O}rlicz spaces. {II}.},
  Author                   = {Skaff, M. S.},
  Journal                  = {Pacific J. Math.},
  Year                     = {1969},
  Number                   = {2},
  Pages                    = {413--430},
  Volume                   = {28},

  __markedentry            = {[fernando:6]},
  Fjournal                 = {Pacific Journal of Mathematics},
  Owner                    = {fernando},
  Publisher                = {Pacific Journal of Mathematics, A Non-profit Corporation},
  Timestamp                = {2016.11.03},
  Url                      = {http://projecteuclid.org/euclid.pjm/1102983463}
}

@Book{Stein1970,
  Title                    = {Singular integrals and differentiability properties of functions},
  Author                   = {Stein, E.M.},
  Publisher                = {Princeton University Press, Princeton, N.J.},
  Year                     = {1970},
  Series                   = {Princeton Mathematical Series},
  Volume                   = {30},

  __markedentry            = {[fernando:6]},
  Mrclass                  = {46.38 (26.00)},
  Mrnumber                 = {0290095 (44 \#7280)},
  Mrreviewer               = {R. E. Edwards},
  Owner                    = {fernando},
  Pages                    = {xiv+290},
  Timestamp                = {2016.11.03}
}

@Book{struwe2008variational,
  Title                    = {Variational methods},
  Author                   = {Struwe, M.},
  Publisher                = {Springer-Verlag, Berlin},
  Year                     = {2008}
}

@Article{tang2001periodic,
  Title                    = {Periodic solutions for second order systems with not uniformly coercive potential},
  Author                   = {Tang, C. -L. and Wu, X.-P.},
  Journal                  = {J. Math. Anal. Appl.},
  Year                     = {2001},
  Number                   = {2},
  Pages                    = {386--397},
  Volume                   = {259},

  Fjournal                 = {Journal of Mathematical Analysis and Applications}
}

@Article{tang1998periodic,
  Title                    = {Periodic solutions for nonautonomous second order systems with sublinear nonlinearity},
  Author                   = {Tang, C.-L.},
  Journal                  = {Proc. Amer. Math. Soc.},
  Year                     = {1998},
  Number                   = {11},
  Pages                    = {3263--3270},
  Volume                   = {126},

  Fjournal                 = {Proceedings of the American Mathematical Society}
}

@Article{tang1995periodic,
  Title                    = {Periodic solutions of non-autonomous second-order systems with $\gamma$-quasisubadditive potential},
  Author                   = {Tang, Chun-Lei},
  Journal                  = {Journal of Mathematical Analysis and Applications},
  Year                     = {1995},
  Number                   = {3},
  Pages                    = {671--675},
  Volume                   = {189},

  Publisher                = {Elsevier}
}

@Article{tang2010periodic,
  Title                    = {Periodic solutions for second-order {H}amiltonian systems with a {$p$}-{L}aplacian},
  Author                   = {Tang, X. and Zhang, X.},
  Journal                  = {Ann. Univ. Mariae Curie-Sk\l odowska Sect. A},
  Year                     = {2010},
  Number                   = {1},
  Pages                    = {93--113},
  Volume                   = {64},

  Fjournal                 = {Annales Universitatis Mariae Curie-Sk\l odowska. Sectio A. Mathematica}
}

@Article{Tian2007192,
  Title                    = {Periodic solutions of non-autonomous second-order systems with a {$p$}-{L}aplacian},
  Author                   = {Tian, Y. and Ge, W.},
  Journal                  = {Nonlinear Anal.},
  Year                     = {2007},
  Number                   = {1},
  Pages                    = {192--203},
  Volume                   = {66},

  Fjournal                 = {Nonlinear Analysis. Theory, Methods \& Applications. An International Multidisciplinary Journal. Series A: Theory and Methods}
}

@Article{Walsh1934,
  Title                    = {On approximation to an analytic function by rational functions of best approximation},
  Author                   = {Walsh, J.L.},
  Journal                  = {Math. Z.},
  Year                     = {1934},
  Number                   = {1},
  Pages                    = {163--176},
  Volume                   = {38},

  __markedentry            = {[fernando:6]},
  Coden                    = {MAZEAX},
  Doi                      = {10.1007/BF01170632},
  Fjournal                 = {Mathematische Zeitschrift},
  ISSN                     = {0025-5874},
  Mrclass                  = {Contributed Item},
  Mrnumber                 = {1545445},
  Owner                    = {fernando},
  Timestamp                = {2016.11.03},
  Url                      = {http://dx.doi.org/10.1007/BF01170632}
}

@Book{Wheeden1977,
  Title                    = {Measure and integral - An introduction to real analysis},
  Author                   = {Wheeden, R.L. and Zygmund, A.},
  Publisher                = {Marcel Dekker, Inc., New York-Basel},
  Year                     = {1977},
  Series                   = { Pure and Applied Mathematics},
  Volume                   = {43},

  __markedentry            = {[fernando:6]},
  ISBN                     = {0-8247-6499-4},
  Mrclass                  = {28-01 (26-01 42-01)},
  Mrnumber                 = {0492146 (58 \#11295)},
  Mrreviewer               = {M. de Guzman},
  Owner                    = {fernando},
  Pages                    = {x+274},
  Timestamp                = {2016.11.03}
}

@Article{wu1999periodic,
  Title                    = {Periodic solutions of a class of non-autonomous second-order systems},
  Author                   = {Wu, X.-P. and Tang, C.-L.},
  Journal                  = {J. Math. Anal. Appl.},
  Year                     = {1999},
  Number                   = {2},
  Pages                    = {227--235},
  Volume                   = {236},

  Fjournal                 = {Journal of Mathematical Analysis and Applications}
}

@Article{xu2007some,
  Title                    = {Some existence results on periodic solutions of ordinary {$p$}-{L}aplacian systems},
  Author                   = {Xu, B. and Tang, C.-L.},
  Journal                  = {J. Math. Anal. Appl.},
  Year                     = {2007},
  Number                   = {2},
  Pages                    = {1228--1236},
  Volume                   = {333},

  Fjournal                 = {Journal of Mathematical Analysis and Applications}
}

@Article{Yan2003,
  Title                    = {Nonresonance for one-dimensional {$p$}-{L}aplacian with regular restoring},
  Author                   = {Yan, P.},
  Journal                  = {J. Math. Anal. Appl.},
  Year                     = {2003},
  Number                   = {1},
  Pages                    = {141--154},
  Volume                   = {285},

  __markedentry            = {[fernando:6]},
  Bdsk-url-1               = {http://dx.doi.org/10.1016/S0022-247X(03)00383-4},
  Coden                    = {JMANAK},
  Doi                      = {10.1016/S0022-247X(03)00383-4},
  Fjournal                 = {Journal of Mathematical Analysis and Applications},
  ISSN                     = {0022-247X},
  Mrclass                  = {34C25 (34B15)},
  Mrnumber                 = {2000145 (2004f:34064)},
  Mrreviewer               = {Anna Capietto},
  Owner                    = {fernando},
  Timestamp                = {2016.11.03},
  Url                      = {http://dx.doi.org/10.1016/S0022-247X(03)00383-4}
}

@Article{Yan2003a,
  Title                    = {Relationship between {M}atuszewska-{O}rlicz, {S}emenov and {S}imonenko indices of {$\phi$}-functions},
  Author                   = {Yan, Yaqiang},
  Journal                  = {Publ. Inst. Math. (Beograd) (N.S.)},
  Year                     = {2003},
  Pages                    = {139--147},
  Volume                   = {73(87)},

  __markedentry            = {[fernando:6]},
  Doi                      = {10.2298/PIM0373139Y},
  Fjournal                 = {Institut Math\'ematique. Publications. Nouvelle S\'erie},
  ISSN                     = {0350-1302},
  Mrclass                  = {46E30},
  Mrnumber                 = {2068246 (2005d:46065)},
  Mrreviewer               = {Alberto Fiorenza},
  Owner                    = {fernando},
  Timestamp                = {2016.11.03},
  Url                      = {http://dx.doi.org/10.2298/PIM0373139Y}
}

@Article{ye2008periodic,
  Title                    = {Periodic solutions for some nonautonomous second order {H}amiltonian systems},
  Author                   = {Ye, Y.-W. and Tang, C.-L.},
  Journal                  = {J. Math. Anal. Appl.},
  Year                     = {2008},
  Number                   = {1},
  Pages                    = {462--471},
  Volume                   = {344},

  Fjournal                 = {Journal of Mathematical Analysis and Applications}
}

@Article{zhao2005existence,
  Title                    = {Existence and multiplicity of periodic solution for non-autonomous second-order systems with linear nonlinearity},
  Author                   = {Zhao, Fukun and Wu, Xian},
  Journal                  = {Nonlinear Analysis: Theory, Methods \& Applications},
  Year                     = {2005},
  Number                   = {2},
  Pages                    = {325--335},
  Volume                   = {60},

  Publisher                = {Elsevier}
}

@Article{zhao2004periodic,
  Title                    = {Periodic solutions for a class of non-autonomous second order systems},
  Author                   = {Zhao, F. and Wu, X.},
  Journal                  = {J. Math. Anal. Appl.},
  Year                     = {2004},
  Number                   = {2},
  Pages                    = {422--434},
  Volume                   = {296},

  Fjournal                 = {Journal of Mathematical Analysis and Applications}
}

@Article{,
  __markedentry            = {[fernando:6]},
  Date-added               = {2014-05-18 19:13:12 -0300},
  Date-modified            = {2014-05-18 19:13:12 -0300},
  Owner                    = {fernando},
  Timestamp                = {2016.11.03}
}

@article{zbMATH04009182,
	author = "{Nguen Hong Thai}",
	journal = "{Dokl. Akad. Nauk BSSR}",
	pages = "197â200",
	publisher = "Academy of Sciences of the Byelorussian Soviet Socialist Republic - BSSR (Akademii Nauk Belorusskoj SSR)",
	title = "{The superposition operator in the Orlicz spaces of vector functions.}",
	volume = "31",
	year = "1987",
}
@article{zbMATH03983966,
	author = "{P\l{}uciennik}, Ryszard",
	journal = "{Ann. Soc. Math. Pol., Ser. I, Commentat. Math.}",
	pages = "321â337",
	publisher = "Polskie Towarzystwo Matematyczne, Warsaw",
	title = "{On some properties of the superposition operator in generalized Orlicz spaces of vector-valued functions.}",
	volume = "25",
	year = "1985",
}

@article{zbMATH03942215,
	author = "{P\l{}uciennik}, Ryszard",
	journal = "{Bull. Pol. Acad. Sci., Math.}",
	pages = "531â540",
	publisher = "Polish Academy of Sciences (Polska Akademia Nauk - PAN), Institute of Mathematics (Instytut Matematyczny), Warsaw",
	title = "{Boundedness of the superposition operator in generalized Orlicz spaces of vector-valued functions.}",
	volume = "33",
	year = "1985",
}


@book{clarke2013functional,
  title={Functional Analysis, Calculus of Variations and Optimal Control},
  author={Clarke, F.},
  isbn={9781447148203},
  lccn={2013931980},
  series={Graduate Texts in Mathematics},
  url={https://books.google.com.ar/books?id=1d5HAAAAQBAJ},
  year={2013},
  }

@article{yang2013existence,
  title={Existence of periodic solutions for sublinear second order dynamical system with (q, p)-Laplacian},
  author={Yang, Xiaoxia and Chen, Haibo},
  journal={Mathematica Slovaca},
  volume={63},
  number={4},
  pages={799--816},
  year={2013}
}

@article{pasca2016periodic,
  title={On periodic solutions of nonautonomous second order Hamiltonian systems with $(q, p) $-Laplacian},
  author={Pasca, Daniel and Wang, Zhiyong},
  journal={Electronic Journal of Qualitative Theory of Differential Equations},
  volume={2016},
  number={106},
  pages={1--9},
  year={2016},
  publisher={University of Szeged, Hungary}
}

@article{yang2012periodic,
  title={Periodic solutions for a nonlinear (q, p)-Laplacian dynamical system with impulsive effects},
  author={Yang, Xiaoxia and Chen, Haibo},
  journal={Journal of Applied Mathematics and Computing},
  volume={40},
  number={1-2},
  pages={607--625},
  year={2012},
  publisher={Springer}
}

@article{pasca2010periodic,
  title={Periodic solutions of a class of nonautonomous second order differential systems with (q, p)-Laplacian},
  author={Pasca, Daniel},
  journal={Bulletin of the Belgian Mathematical Society-Simon Stevin},
  volume={17},
  number={5},
  pages={841--851},
  year={2010},
  publisher={Belgian Mathematical Society}
}

@article{pacsca2010some,
  title={Some existence results on periodic solutions of nonautonomous second-order differential systems with $(q, p)$-Laplacian},
  author={Pa{\c{s}}ca, Daniel and Tang, Chun-Lei},
  journal={Applied Mathematics Letters},
  volume={23},
  number={3},
  pages={246--251},
  year={2010},
  publisher={Elsevier}
}
@article{pasca2011some,
  title={Some existence results on periodic solutions of ordinary (q, p)-Laplacian systems},
  author={Pasca, Daniel and Tang, Chun-Lei},
  journal={Journal of applied mathematics \& informatics},
  volume={29},
  number={1\_2},
  pages={39--48},
  year={2011},
  publisher={The Korean Society of Computational and Applied Mathematics}
}

@article{li2014periodic,
  title={Periodic solutions for non-autonomous second-order differential systems with (q, p)-Laplacian},
  author={Li, Chun and Ou, Zeng-Qi and Tang, Chun-Lei},
  journal={Electronic Journal of Differential Equations},
  volume={2014},
  number={64},
  pages={1--13},
  year={2014}
}

@article{chamra2017anisotropic,
  title={Anisotropic Orlicz-Sobolev spaces of vector valued functions and Lagrange equations},
  author={Chamra, M and Maksymiuk, J},
  journal={arXiv preprint arXiv:1702.08683},
  year={2017}
}
@article{trudinger1974imbedding,
  title={An imbedding theorem for {$H^0(G,\Omega)$}-spaces},
  author={Trudinger, Neil},
  journal={Studia Mathematica},
  volume={50},
  number={1},
  pages={17--30},
  year={1974}
}


@misc {driver,
   author = {Driver, B.},
   title = {Analysis Tools with Applications},
   year = {2003},
   note={Last accessed: 2014-12-22.},
  howpublished = {\url{http://www.math.ucsd.edu/~bdriver/231-02-03/Lecture_Notes/PDE-Anal-Book/analpde1.pdf}}
  }

  @article{gwiazda2013anisotropic,
  title={On the anisotropic Orlicz spaces applied in the problems of continuum mechanics},
  author={Gwiazda, Piotr and Minakowski, Piotr and Swierczewska-Gwiazda, Agnieszka},
  journal={Discrete Contin. Dyn. Syst. Ser. S},
  volume={6},
  number={5},
  pages={1291--1306},
  year={2013},
  publisher={Citeseer}
}

@article{brezis1983relation,
  title={A relation between pointwise convergence of functions and convergence of functionals},
  author={Br{\'e}zis, Ha{\"\i}m and Lieb, Elliott},
  journal={Proceedings of the American Mathematical Society},
  volume={88},
  number={3},
  pages={486--490},
  year={1983}
}