@preamble{
   "\def\cprime{$'$} "}


@book{wintner2014analytical,
  title={The Analytical Foundations of Celestial Mechanics},
  author={Wintner, A.},
  isbn={9780486780603},
  lccn={2013046841},
  series={Dover Books on Physics},
  url={https://books.google.com.ar/books?id=gCL-AgAAQBAJ},
  year={2014},
  publisher={Dover Publications}
}

@book{meyer1999periodic,
  title={Periodic Solutions of the N-Body Problem},
  author={Meyer, K.R.},
  number={n.{\textordmasculine} 1719},
  isbn={9783540666301},
  lccn={99049591},
  series={Lecture Notes in Mathematics},
  year={1999},
  publisher={Springer}
}

@book{Moeckel2016,
   title =     {Central Configurations, Periodic Orbits, and Hamiltonian Systems},
   author =    {Jaume Llibre, Richard Moeckel, Carles Simó},
   publisher = {Birkh\"auser},
   isbn =      {3034809328,9783034809320},
   year =      {2016},
   series =    {Advanced Courses in Mathematics - CRM Barcelona},
   edition =   {},
   volume =    {},
}

@book{Moeckel1994,
   title =     {Celestial Mechanics--especially central configurations},
   author =    {Richard Moeckel},
   year =      {1994},
   series= {\url{http://www.math.umn.edu/ rmoeckel/notes/Notes.html}},
   }
   
@article{albouy2012finiteness,
  title={Finiteness of central configurations of five bodies in the plane},
  author={Albouy, Alain and Kaloshin, Vadim},
  journal={Annals of mathematics},
  volume={176},
  number={1},
  pages={535--588},
  year={2012},
  publisher={Princeton University and the Institute for Advanced Study}
}
@article{moulton1910straight,
  title={The straight line solutions of the problem of N bodies},
  author={Moulton, Forest R},
  journal={The Annals of Mathematics},
  volume={12},
  number={1},
  pages={1--17},
  year={1910},
  publisher={JSTOR}
}

@article{smale1970topologyI,
  title={Topology and mechanics. I},
  author={Smale, Steve},
  journal={Inventiones mathematicae},
  volume={10},
  number={4},
  pages={305--331},
  year={1970},
  publisher={Springer}
}

@article{smale1970topologyII,
  title={Topology and mechanics. II},
  author={Smale, Steven},
  journal={Inventiones mathematicae},
  volume={11},
  number={1},
  pages={45--64},
  year={1970},
  publisher={Springer}
}

@article{saari2011central,
  title={Central configuration-A problem for the twenty-first century},
  author={Saari, Donald G},
  journal={Expeditions in Mathematics, MAA SPECTRUM},
  pages={283--295},
  year={2011}
}

@article{albouy1997probleme,
  title={Le probleme des n corps et les distances mutuelles},
  author={Albouy, Alain and Chenciner, Alain},
  journal={Inventiones mathematicae},
  volume={131},
  number={1},
  pages={151--184},
  year={1997},
  publisher={Springer}
}

@article{chenciner2011lagrange,
  title={The Lagrange reduction of the N-body problem, a survey},
  author={Chenciner, Alain},
  journal={arXiv preprint arXiv:1111.1334},
  year={2011}
}

@article{chenciner2013angular,
  title={Angular momentum and Horn's problem},
  author={Chenciner, Alain and Jim{\'e}nez-P{\'e}rez, Hugo},
  journal={Moscow Mathematical Journal},
  volume={13},
  number={4},
  pages={621--630},
  year={2013},
  publisher={Независимый Московский университет-МЦНМО}
}

@incollection{arnold2000mathematics,
  title={Mathematical problems for the next century},
  booktitle={Mathematics: Frontiers and Perspectives},
  author={Smale, Steve},
  editor={Arnol\'{}d, V.I. },
  year={2000},
  organization={IMU}
  publisher={American Mathematical Society}
}

@article{hampton2006finiteness,
  title={Finiteness of relative equilibria of the four-body problem},
  author={Hampton, Marshall and Moeckel, Richard},
  journal={Inventiones mathematicae},
  volume={163},
  number={2},
  pages={289--312},
  year={2006},
  publisher={Springer}
}

@article{zhao2015nonplanar,
  title={Nonplanar periodic solutions for spatial restricted 3-body and 4-body problems},
  author={Zhao, Xiaoxiao and Zhang, Shiqing},
  journal={Boundary Value Problems},
  volume={2015},
  number={1},
  pages={1--10},
  year={2015},
  publisher={Springer}
}
