% This file was created with JabRef 2.10b2.
% Encoding: UTF-8

@PREAMBLE{
"\def\cprime{$'$} "
}


@Book{SverreJ.Aarseth254,
  Title                    = {Gravitational N-Body Simulations: Tools and Algorithms},
  Author                   = {Sverre J. Aarseth and Sverre Johannes Aarseth},
  Publisher                = {Cambridge University Press},
  Year                     = {2003},
  Month                    = {oct},

  Languages                = {eng},
  Size                     = {2032361 octets}
}

@Article{acinas2014estimates,
  Title                    = {On estimates for the period of solutions of equations involving the $\varphi$-Laplace operator},
  Author                   = {Acinas, S. and Giubergia, G. and Mazzone, F. and Schwindt, E.},
  Journal                  = {Journal of Abstract Differential Equations and Applications},
  Year                     = {2014},
  Number                   = {1},
  Pages                    = {21--34},
  Volume                   = {5}
}

@Book{A,
  Title                    = {Mathematical methods of classical mechanics},
  Author                   = {Arnol{\cprime}d, V. I.},
  Publisher                = {Springer-Verlag},
  Year                     = {1989},

  Address                  = {New York},
  Edition                  = {Second},
  Series                   = {Graduate Texts in Mathematics},
  Volume                   = {60}
}

@Book{VladimirI.Arnold229,
  Title                    = {Mathematical Aspects of Classical and Celestial Mechanics},
  Author                   = {V. I. Arnold and V.V. Kozlov and A. I. Neishtadt},
  Publisher                = {Springer Science \& Business Media},
  Year                     = {2007},
  Month                    = {jul},

  Languages                = {eng},
  Size                     = {4808927 octets}
}

@Article{bakker2015separating,
  Title                    = {A separating surface for {S}itnikov-like $n+ 1$-body problems},
  Author                   = {Bakker, L. and Simmons, S.},
  Journal                  = {Journal of Differential Equations},
  Year                     = {2015},
  Number                   = {9},
  Pages                    = {3063--3087},
  Volume                   = {258},

  Publisher                = {Elsevier}
}

@Article{baltagiannis2011families,
  Title                    = {Families of periodic orbits in the restricted four-body problem},
  Author                   = {Baltagiannis, AN and Papadakis, KE},
  Journal                  = {Astrophysics and Space Science},
  Year                     = {2011},
  Number                   = {2},
  Pages                    = {357--367},
  Volume                   = {336},

  Publisher                = {Springer}
}

@Book{RogerR.Bate230,
  Title                    = {Fundamentals of Astrodynamics},
  Author                   = {Roger R. Bate and Donald D. Mueller and Jerry E. White},
  Publisher                = {Courier Corporation},
  Year                     = {1971},
  Month                    = {jun},

  Languages                = {eng},
  Size                     = {14271916 octets}
}

@Book{RichardH.Battin231,
  Title                    = {An Introduction to the Mathematics and Methods of Astrodynamics},
  Author                   = {Richard H. Battin},
  Publisher                = {AIAA},
  Year                     = {1999},
  Month                    = {jun},

  Languages                = {eng},
  Size                     = {30366609 octets}
}

@ARTICLE{Moeckel:2014,
AUTHOR = {Moeckel, R. },
TITLE   = {{C}entral configurations},
YEAR    = {2014},
JOURNAL = {Scholarpedia},
VOLUME  = {9},
NUMBER  = {4},
PAGES   = {10667},
DOI     = {10.4249/scholarpedia.10667},
NOTE    = {revision \#142886}
}


@Book{GerhardBeutler233,
  Title                    = {Methods of Celestial Mechanics: Volume I: Physical, Mathematical, and Numerical Principles},
  Author                   = {Gerhard Beutler},
  Publisher                = {Springer Science \& Business Media},
  Year                     = {2006},
  Month                    = {mar},

  Languages                = {eng},
  Size                     = {8257432 octets}
}

@Book{GerhardBeutler234,
  Title                    = {Methods of Celestial Mechanics: Volume II: Application to Planetary System, Geodynamics and Satellite Geodesy},
  Author                   = {Gerhard Beutler},
  Publisher                = {Springer Science \& Business Media},
  Year                     = {2004},
  Month                    = {nov},

  Languages                = {eng},
  Size                     = {16137043 octets}
}

@Book{birkhoff1989ordinary,
  Title                    = {Ordinary Differential Equations},
  Author                   = {Birkhoff, G. and Rota, G.C.},
  Publisher                = {Wiley},
  Year                     = {1989}
}

@Article{bountis2009stability,
  Title                    = {The stability of vertical motion in the N-body circular {S}itnikov problem},
  Author                   = {Bountis, T and Papadakis, KE},
  Journal                  = {Celestial Mechanics and Dynamical Astronomy},
  Year                     = {2009},
  Number                   = {1},
  Pages                    = {205--225},
  Volume                   = {104},

  Publisher                = {Springer}
}

@Book{ErnestW.Brown236,
  Title                    = {Planetary Theory - Primary Source Edition},
  Author                   = {Ernest W. Brown and Shook Clarence A.},
  Publisher                = {BiblioBazaar},
  Year                     = {2014},
  Month                    = {feb},

  Languages                = {eng},
  Size                     = {11873702 octets}
}

@Book{AlessandraCelletti238,
  Title                    = {Stability and Chaos in Celestial Mechanics},
  Author                   = {Alessandra Celletti},
  Publisher                = {Springer Science \& Business Media},
  Year                     = {2010},
  Month                    = {mar},

  Languages                = {eng},
  Size                     = {4788307 octets}
}

@Book{AlessandraCelletti364,
  Title                    = {KAM Stability and Celestial Mechanics},
  Author                   = {Alessandra Celletti and Luigi Chierchia},
  Publisher                = {American Mathematical Soc.},
  Year                     = {2007},
  Month                    = {jun},

  Languages                = {eng},
  Size                     = {1598573 octets}
}

@Article{chesley1999global,
  Title                    = {A global analysis of the generalized {S}itnikov problem},
  Author                   = {Chesley, Steven R},
  Journal                  = {Celestial Mechanics and Dynamical Astronomy},
  Year                     = {1999},
  Number                   = {1-4},
  Pages                    = {291--302},
  Volume                   = {73},

  Publisher                = {Springer}
}

@Book{PeterColwell239,
  Title                    = {Solving Kepler's Equation Over Three Centuries},
  Author                   = {Peter Colwell},
  Publisher                = {Willmann-Bell},
  Year                     = {1993},
  Month                    = {jun},

  Languages                = {eng},
  Size                     = {1381546 octets}
}

@Article{corbera2002symmetric,
  Title                    = {On symmetric periodic orbits of the elliptic {S}itnikov problem via the analytic continuation method},
  Author                   = {Corbera, M. and Llibre, J.},
  Journal                  = {Contemporary Mathematics},
  Year                     = {2002},
  Pages                    = {91--128},
  Volume                   = {292},
  Publisher                = {Providence, RI: American Mathematical Society}
}

@Article{corbera2000periodic,
  Title                    = {Periodic orbits of the {S}itnikov problem via a Poincar{\'e} map},
  Author                   = {Corbera, M. and Llibre, J.},
  Journal                  = {Celestial Mechanics and Dynamical Astronomy},
  Year                     = {2000},
  Number                   = {4},
  Pages                    = {273--303},
  Volume                   = {77},

  Publisher                = {Springer}
}

@Book{JohnM.A.Danby262,
  Title                    = {Fundamentals of Celestial Mechanics},
  Author                   = {John M. A. Danby},
  Publisher                = {MacMillan},
  Year                     = {1970},
  Month                    = {jun},

  Languages                = {eng},
  Size                     = {27902393 octets}
}

@Article{dankowicz1995existence,
  Title                    = {The existence of transverse homoclinic points in the {S}itnikov problem},
  Author                   = {Dankowicz, Harry and Holmes, Philip},
  Journal                  = {Journal of differential equations},
  Year                     = {1995},
  Number                   = {2},
  Pages                    = {468--483},
  Volume                   = {116},

  Publisher                = {Elsevier}
}


@article{fayccal1996classification,
  title={On the classification of pyramidal central configurations},
  author={Fay{\c{c}}al, N.},
  journal={Proceedings of the American Mathematical Society},
  volume={124},
  number={1},
  pages={249--258},
  year={1996}
}

@article{ouyang2004pyramidal,
  title={Pyramidal central configurations and perverse solutions.},
  author={Ouyang, T. and Xie, Z. and Zhang, S.},
  journal={Electronic Journal of Differential Equations (EJDE)[electronic only]},
  volume={2004},
  pages={Paper--No},
  year={2004},
  publisher={Southwest Texas State University, Department of Mathematics, San Marcos, TX; North Texas State University, Department of Mathematics, Denton}
}


@Book{FlorinDiacu257,
  Title                    = {Relative Equilibria of the Curved N-Body Problem},
  Author                   = {Florin Diacu},
  Publisher                = {Springer Science \& Business Media},
  Year                     = {2012},
  Month                    = {ago},

  Languages                = {eng},
  Size                     = {2457962 octets}
}

@InCollection{dvorak1993numerical,
  Title                    = {Numerical results to the {S}itnikov-problem},
  Author                   = {Dvorak, R},
  Booktitle                = {Qualitative and Quantitative Behaviour of Planetary Systems},
  Publisher                = {Springer},
  Year                     = {1993},
  Pages                    = {71--80}
}

@PhdThesis{Faycaltesis,
  Title                    = {On the classification of pyramidal central configurations},
  Author                   = {N. Fay\c{c}al},
  School                   = {School of Mathematics and Mathematics and Statistics, Carleton University, Ottawa, Canada.},
  Year                     = {1995},

  Owner                    = {fernando},
  Timestamp                = {2017.08.10}
}

@Book{CarlFriedrichGauss253,
  Title                    = {Theory of the Combination of Observations Least Subject to Errors: Part One, Part Two, Supplement},
  Author                   = {Carl Friedrich Gauss},
  Publisher                = {SIAM},
  Year                     = {1995},
  Month                    = {jun},

  Languages                = {eng},
  Size                     = {3460852 octets}
}

@Book{FrankLoxleyGriffin252,
  Title                    = {Periodic Orbits},
  Author                   = {Frank Loxley Griffin and Forest Ray Moulton and William Raymond Longley},
  Publisher                = {BiblioLife},
  Year                     = {2015},
  Month                    = {nov},

  Languages                = {eng},
  Size                     = {15029601 octets}
}

@Book{PiniGurfil243,
  Title                    = {Modern Astrodynamics},
  Author                   = {Pini Gurfil},
  Publisher                = {Butterworth-Heinemann},
  Year                     = {2006},
  Month                    = {oct},

  Languages                = {eng},
  Size                     = {4579869 octets}
}

@InCollection{hagel1993computer,
  Title                    = {A computer aided analysis of the {S}itnikov problem},
  Author                   = {Hagel, Johannes and Trenkler, Thomas},
  Booktitle                = {Qualitative and Quantitative Behaviour of Planetary Systems},
  Publisher                = {Springer},
  Year                     = {1993},
  Pages                    = {81--98}
}

@InCollection{hampton2005co,
  Title                    = {Co-circular central configurations in the four-body problem},
  Author                   = {Hampton, M.},
  Booktitle                = {EQUADIFF 2003},
  Publisher                = {World Scientific},
  Year                     = {2005},
  Pages                    = {993--998}
}

@Book{WatsonJames250,
  Title                    = {Theoretical Astronomy},
  Author                   = {Watson James},
  Publisher                = {Biblioteca Brit�nica},
  Year                     = {1868},
  Month                    = {jun},

  Size                     = {125137865 octets}
}

@Article{jimenez2001symmetries,
  Title                    = {Symmetries and bifurcations in the {S}itnikov problem},
  Author                   = {Jim{\'e}nez-Lara, Lidia and Escalona-Buend{\'\i}a, Adolfo},
  Journal                  = {Celestial Mechanics and Dynamical Astronomy},
  Year                     = {2001},
  Number                   = {2},
  Pages                    = {97--117},
  Volume                   = {79},

  Publisher                = {Springer}
}

@Book{jost1998calculus,
  Title                    = {Calculus of Variations},
  Author                   = {Jost, J. and Li-Jost, X.},
  Publisher                = {Cambridge University Press},
  Year                     = {1998},
  Series                   = {Cambridge Studies in Advanced Mathematics}
}

@Book{kincaid1991numerical,
  Title                    = {Numerical Analysis: Mathematics of Scientific Computing},
  Author                   = {Kincaid, D. and Cheney, W.},
  Publisher                = {Brooks-Cole},
  Year                     = {1991}
}

@Book{WangSangKoon256,
  Title                    = {Dynamical Systems: The Three-Body Problem and Space Mission Design},
  Author                   = {Wang Sang Koon and Martin W. Lo and Jerrold E. Marsden},
  Publisher                = {Springer New York},
  Year                     = {2011},
  Month                    = {jun},

  Languages                = {eng},
  Size                     = {16786291 octets}
}

@Article{li2013characterization,
  Title                    = {The Characterization of the Variational Minimizers for Spatial Restricted ${N}+1$-Body Problems},
  Author                   = {Li, F. and Zhang, S. and Zhao, X.},
  Journal                  = {Abstract and Applied Analysis},
  Year                     = {2013},
  Number                   = {Article ID 845795},
  Volume                   = {2013}
}

@Article{liu1991numerical,
  Title                    = {Numerical research on the {S}itnikov problem},
  Author                   = {Liu, Jie and Zhou, Ji-lin and Sun, Yi-sui},
  Journal                  = {Chinese astronomy and astrophysics},
  Year                     = {1991},
  Number                   = {3},
  Pages                    = {339--344},
  Volume                   = {15},

  Publisher                = {Elsevier}
}

@Article{llibre1999bridges,
  Title                    = {Bridges between the generalized {S}itnikov family and the lyapunov family of periodic orbits},
  Author                   = {Llibre, J. and Meyer, K. R. and Soler, J.},
  Journal                  = {Journal of Differential Equations},
  Year                     = {1999},
  Number                   = {1},
  Pages                    = {140--156},
  Volume                   = {154},

  Publisher                = {Elsevier}
}

@Book{JaumeLlibre276,
  Title                    = {Central Configurations, Periodic Orbits, and Hamiltonian Systems},
  Author                   = {J. Llibre and R. Moeckel and C. Sim\'o},
  Publisher                = {Birkh{\"{a}}user, 2015},
  Year                     = {2015},
  Month                    = {nov},
  Series                   = {Advanced Courses in Mathematics - CRM Barcelona},

  Size                     = {13644828 octets}
}

@Article{llibre2008families,
  Title                    = {On the families of periodic orbits of the {S}itnikov problem},
  Author                   = {Llibre, J. and Ortega, R.},
  Journal                  = {SIAM Journal on Applied Dynamical Systems},
  Year                     = {2008},
  Number                   = {2},
  Pages                    = {561--576},
  Volume                   = {7},
  Publisher                = {SIAM}
}

@Article{long2002four,
  Title                    = {Four-Body Central Configurations with some Equal Masses},
  Author                   = {Long, Y. and Sun, S.},
  Journal                  = {Archive for rational mechanics and analysis},
  Year                     = {2002},
  Number                   = {1},
  Pages                    = {25--44},
  Volume                   = {162},

  Publisher                = {Springer}
}

@Article{marchesin2013spatial,
  Title                    = {Spatial restricted rhomboidal five-body problem and horizontal stability of its periodic solutions},
  Author                   = {Marchesin, M. and Vidal, C.},
  Journal                  = {Celestial Mechanics and Dynamical Astronomy},
  Year                     = {2013},
  Number                   = {3},
  Pages                    = {261--279},
  Volume                   = {115},

  Publisher                = {Springer}
}

@Book{Mawhin2010,
  Title                    = {Critical Point Theory and Hamiltonian Systems},
  Author                   = {Mawhin, J. and Willem, M.},
  Publisher                = {Springer},
  Year                     = {1989},
  Series                   = {Applied Mathematical Sciences}
}

@Book{KennethR.Meyer258,
  Title                    = {Periodic Solutions of the N-Body Problem},
  Author                   = {Kenneth R. Meyer},
  Publisher                = {Springer Science \& Business Media},
  Year                     = {1999},
  Month                    = {nov},

  Languages                = {eng},
  Size                     = {1915639 octets}
}

@Article{moeckel1990central,
  Title                    = {On central configurations},
  Author                   = {Moeckel, R.},
  Journal                  = {Mathematische Zeitschrift},
  Year                     = {1990},
  Number                   = {1},
  Pages                    = {499--517},
  Volume                   = {205},

  Publisher                = {Springer}
}

@Book{OliverMontenbruck241,
  Title                    = {Practical Ephemeris Calculations},
  Author                   = {Oliver Montenbruck},
  Publisher                = {Springer-Verlag},
  Year                     = {1989},
  Month                    = {jun},

  Languages                = {eng},
  Size                     = {1462501 octets}
}

@Book{AlessandroMorbidelli242,
  Title                    = {Modern Celestial Mechanics: Aspects of Solar System Dynamics},
  Author                   = {Alessandro Morbidelli},
  Publisher                = {Taylor \& Francis},
  Year                     = {2002},
  Month                    = {jun},

  Languages                = {eng},
  Size                     = {14171408 octets}
}

@Book{moser2016stable,
  Title                    = {Stable and Random Motions in Dynamical Systems: With Special Emphasis on Celestial Mechanics},
  Author                   = {Moser, J.},
  Publisher                = {Princeton University Press},
  Year                     = {1973},
  Series                   = {Annals Mathematics Studies}
}

@Article{moulton1910straight,
  Title                    = {The straight line solutions of the problem of N bodies},
  Author                   = {Moulton, F. R.},
  Journal                  = {The Annals of Mathematics},
  Year                     = {1910},
  Number                   = {1},
  Pages                    = {1--17},
  Volume                   = {12},

  Publisher                = {JSTOR}
}

@Article{perez2009periodic,
  Title                    = {On the periodic orbits of the circular double {S}itnikov problem},
  Author                   = {P{\'e}rez, Hugo Jim{\'e}nez and Lacomba, Ernesto A},
  Journal                  = {Comptes Rendus Mathematique},
  Year                     = {2009},
  Number                   = {5},
  Pages                    = {333--336},
  Volume                   = {347},

  Publisher                = {Elsevier}
}



@article{RichardPalais274,
  title={The principle of symmetric criticality},
  author={Palais, R. S.},
  journal={Communications in Mathematical Physics},
  volume={69},
  number={1},
  pages={19--30},
  year={1979},
  publisher={Springer}
}

@Article{pandey2013periodic,
  Title                    = {Periodic orbits and bifurcations in the {S}itnikov four-body problem when all primaries are oblate},
  Author                   = {Pandey, L.P. and Ahmad, I.},
  Journal                  = {Astrophysics and Space Science},
  Year                     = {2013},
  Number                   = {1},
  Pages                    = {73--83},
  Volume                   = {345},

  Publisher                = {Springer}
}

@Article{perez2007convex,
  Title                    = {Convex four-body central configurations with some equal masses},
  Author                   = {Perez-Chavela, E., and Santoprete, M.},
  Journal                  = {Archive for rational mechanics and analysis},
  Year                     = {2007},
  Number                   = {3},
  Pages                    = {481--494},
  Volume                   = {185},

  Publisher                = {Springer}
}

@Book{HenryCPlummer244,
  Title                    = {An Introductory Treatise on Dynamical Astronomy},
  Author                   = {Henry C Plummer},
  Publisher                = {Literary Licensing LLC},
  Year                     = {2014},
  Month                    = {ago},

  Languages                = {eng},
  Size                     = {8304492 octets}
}

@Book{HarryPollard245,
  Title                    = {Mathematical Introduction to Celestial Mechanics},
  Author                   = {Harry Pollard},
  Publisher                = {Prentice-Hall},
  Year                     = {1966},
  Month                    = {jun},

  Languages                = {eng},
  Size                     = {3860788 octets}
}

@Article{pustyl1990certain,
  Title                    = {On certain final motions in the $n$-body problem},
  Author                   = {Pustyl'nikov, L.D.},
  Journal                  = {Journal of Applied Mathematics and Mechanics},
  Year                     = {1990},
  Number                   = {2},
  Pages                    = {272--274},
  Volume                   = {54},

  Publisher                = {Elsevier}
}

@Article{rivera2013periodic,
  Title                    = {Periodic Solutions in the Generalized {S}itnikov $(N+1)$-Body Problem},
  Author                   = {Rivera, A.},
  Journal                  = {SIAM Journal on Applied Dynamical Systems},
  Year                     = {2013},
  Number                   = {3},
  Pages                    = {1515--1540},
  Volume                   = {12},

  Publisher                = {SIAM}
}

@Book{A.E.Roy260,
  Title                    = {Orbital Motion, Fourth Edition},
  Author                   = {A. E. Roy},
  Publisher                = {CRC Press},
  Year                     = {2004},
  Month                    = {dic},

  Languages                = {eng},
  Size                     = {19111372 octets}
}

@book{rivera2012bifurcacion,
  title={Bifurcaci{\'o}n de soluciones peri{\'o}dicas en el problema de {S}itnikov},
  author={Rivera Acevedo, Andr{\'e}s Mauricio},
  year={2012},
  publisher={Granada: Universidad de Granada}
}

@Book{DonaldSaari263,
  Title                    = {Collisions, Rings, and Other Newtonian N-Body Problems (Cap. 1)},
  Author                   = {Donald Saari},
  Publisher                = {American Mathematical Society},
  Year                     = {2005},
  Month                    = {jun},

  Languages                = {eng},
  Size                     = {582920 octets}
}

@Book{DonaldSaari255,
  Title                    = {Celestial Mechanics: Dedicated to Donald Saari for His 60th Birthday : Proceedings of an International Conference on Celestial Mechanics, December 15-19, 1999, Northwestern University, Evanston, Illinois},
  Author                   = {Donald Saari and Alain Chenciner},
  Publisher                = {American Mathematical Soc.},
  Year                     = {2002},
  Month                    = {jun},

  Languages                = {eng},
  Size                     = {3686675 octets}
}

@Book{CarlL.Siegel246,
  Title                    = {Lectures on Celestial Mechanics},
  Author                   = {Carl L. Siegel and J�rgen K. Moser and J�rgen Moser and C. I. Kalme},
  Publisher                = {Springer Science \& Business Media},
  Year                     = {1995},
  Month                    = {feb},

  Languages                = {eng},
  Size                     = {2090349 octets}
}

@InProceedings{sitnikov1960existence,
  Title                    = {The existence of oscillatory motions in the three-body problem},
  Author                   = {{S}itnikov, K.},
  Booktitle                = {Dokl. Akad. Nauk SSSR},
  Year                     = {1960},
  Number                   = {2},
  Pages                    = {303--306},
  Volume                   = {133}
}

@Book{Mary(fairfax)Sommerville247,
  Title                    = {Mechanism of the Heavens},
  Author                   = {Mary (fairfax) Sommerville},
  Publisher                = {John Murray},
  Year                     = {1831},
  Month                    = {jun},

  Languages                = {eng},
  Size                     = {5487065 octets}
}

@Article{soulis2008periodic,
  Title                    = {Periodic orbits and bifurcations in the {S}itnikov four-body problem},
  Author                   = {Soulis, P.S. and Papadakis, K.E. and Bountis, T.},
  Journal                  = {Celestial Mechanics and Dynamical Astronomy},
  Year                     = {2008},
  Number                   = {4},
  Pages                    = {251--266},
  Volume                   = {100},

  Publisher                = {Springer}
}

@Book{BonnieSteves249,
  Title                    = {The Restless Universe Applications of Gravitational N-Body Dynamics to Planetary Stellar and Galactic Systems},
  Author                   = {Bonnie Steves and A.j Maciejewski},
  Publisher                = {CRC Press},
  Year                     = {2001},
  Month                    = {sep},

  Languages                = {eng},
  Size                     = {3722372 octets}
}

@Manual{sympy,
  Title                    = {SymPy: Python library for symbolic mathematics},
  Author                   = {{SymPy Development Team}},
  Year                     = {2016},

  Url                      = {http://www.sympy.org}
}

@Article{David-2004,
  Title                    = {On the existence of collisionless equivariant minimizers for the classical $n$-body problem},
  Author                   = {D. L. Ferrario; S.Terracini},
  Journal                  = {Inventiones mathematicae},
  Year                     = {2004},

  Month                    = {02},
  Volume                   = {155},

  Issue                    = {2},
  Page                     = {305--362},
  Publisher                = {Springer-Verlag}
}

@Book{S.Terracini275,
  Title                    = {Periodic, Quasi-Periodic and Chaotic Motions in Celestial Mechanics Theory and Applications},
  Author                   = {S. Terracini and A. Celletti and S. Ferraz-Mello},
  Publisher                = {Springer Science \& Business Media},
  Year                     = {2007},
  Month                    = {ene},

  Size                     = {12990833 octets}
}

@Book{AurelWintner272,
  Title                    = {The Analytical Foundations of Celestial Mechanics},
  Author                   = {Aurel Wintner},
  Publisher                = {Courier Corporation},
  Year                     = {2014},
  Month                    = {jun},

  Languages                = {eng},
  Size                     = {5709035 octets}
}

@Article{zhao2015nonplanar,
  Title                    = {Nonplanar periodic solutions for spatial restricted 3-body and 4-body problems},
  Author                   = {Zhao, X. and Zhang, S.},
  Journal                  = {Boundary Value Problems},
  Year                     = {2015},
  Number                   = {1},
  Pages                    = {1},
  Volume                   = {2015},
  Publisher                = {Springer International Publishing}
}

@article{shoaib2011collinear,
  title={Collinear equilibrium solutions of four-body problem},
  author={Shoaib, Muhammad and Faye, Ibrahima},
  journal={Journal of Astrophysics and Astronomy},
  volume={32},
  number={3},
  pages={411--423},
  year={2011},
  publisher={Springer India, in co-publication with Indian Academy of Sciences}
}


@article{Hai-1970,
title	= {On a characterization of flow-invariant sets},
author	= {Haim Brezis},
journal	= {Communications on Pure and Applied Mathematics},
year	= {1970},
volume	= {23},
issue	= {2},
page	= {261--263},
}