% This file was created with JabRef 2.10b2.
% Encoding: UTF-8

@PREAMBLE{
"\def\cprime{$'$} "
}


@Article{ABGMS2015,
  Title                    = {Some existence results on periodic solutions of {E}uler-{L}agrange equations in an {O}rlicz-{S}obolev space setting},
  Author                   = {{A}cinas, S. and {B}uri, L. and Giubergia, G. and Mazzone, F. and Schwindt, E.},
  Journal                  = {Nonlinear Analysis, TMA.},
  Year                     = {2015},
  Pages                    = {681 - 698},
  Volume                   = {125},

  ISSN                     = {0362-546X},
  Owner                    = {fernando},
  Timestamp                = {2016.05.05}
}

@Unpublished{acmaz2015,
  Title                    = {Periodic solutions of {E}uler-{L}agrange equations with ``sublinear nonlinearity'' in an {O}rlicz-{S}obolev space setting},
  Author                   = {{A}cinas, Sonia and {M}azzone, Fernando},
  Note                     = {En elaboraci\'on},

  Owner                    = {fernando},
  Timestamp                = {2016.05.05}
}

@Article{AGMS,
  Title                    = {On estimates for the period of solutions of equations involving the {$\phi$}-{L}aplace operator},
  Author                   = {Acinas, S. and Giubergia, G. and Mazzone, F. and Schwindt, E.},
  Journal                  = {J. Abstr. Differ. Equ. Appl.},
  Year                     = {2014},
  Number                   = {1},
  Pages                    = {21--34},
  Volume                   = {5},

  Fjournal                 = {Journal of Abstract Differential Equations and Applications},
  Owner                    = {fernando},
  Timestamp                = {2016.05.05}
}

@Book{adams_sobolev,
  Title                    = {Sobolev spaces},
  Author                   = {Adams, R. and Fournier, J.},
  Publisher                = {Elsevier/Academic Press, Amsterdam},
  Year                     = {2003},

  Owner                    = {fernando},
  Timestamp                = {2016.05.05}
}

@Article{albouy2000inverse,
  Title                    = {The inverse problem for collinear central configurations},
  Author                   = {Albouy, Alain and Moeckel, Richard},
  Journal                  = {Celestial Mechanics and Dynamical Astronomy},
  Year                     = {2000},
  Number                   = {2},
  Pages                    = {77--91},
  Volume                   = {77},

  Publisher                = {Springer}
}

@Book{ambrosetti,
  Title                    = {A primer of nonlinear analysis},
  Author                   = {Ambrosetti, A. and Prodi, G.},
  Publisher                = {Cambridge University Press, Cambridge},
  Year                     = {1995},

  Owner                    = {fernando},
  Timestamp                = {2016.05.05}
}

@Book{amster2013topological,
  Title                    = {Topological Methods in the Study of Boundary Value Problems},
  Author                   = {Amster, P.},
  Publisher                = {Springer},
  Year                     = {2013},

  Owner                    = {fernando},
  Timestamp                = {2016.05.05}
}

@Book{arnol1989mathematical,
  Title                    = {Mathematical Methods of Classical Mechanics},
  Author                   = {Arnol'd, V.I.},
  Publisher                = {Springer},
  Year                     = {1989},
  Series                   = {Graduate Texts in Mathematics},

  Owner                    = {fernando},
  Timestamp                = {2016.05.05}
}

@Article{benevieri2007periodic,
  Title                    = {Periodic solutions for nonlinear equations with mean curvature-like operators},
  Author                   = {Benevieri, Pierluigi and de Medeiros, Everaldo Souto and others},
  Journal                  = {Applied mathematics letters},
  Year                     = {2007},
  Number                   = {5},
  Pages                    = {484--492},
  Volume                   = {20},

  Owner                    = {fernando},
  Publisher                = {Elsevier},
  Timestamp                = {2016.05.05}
}

@Article{bereanu2011multiple,
  Title                    = {Multiple solutions for Neumann and periodic problems with singular $\phi$-Laplacian},
  Author                   = {Bereanu, Cristian and Jebelean, Petru and Mawhin, Jean},
  Journal                  = {Journal of Functional Analysis},
  Year                     = {2011},
  Number                   = {11},
  Pages                    = {3226--3246},
  Volume                   = {261},

  Owner                    = {fernando},
  Publisher                = {Elsevier},
  Timestamp                = {2016.05.05}
}

@Article{C-2009,
  Title                    = {Nonhomogeneous boundary value problems for some nonlinear equations with singular {$\phi$}-{L}aplacian},
  Author                   = {Bereanu, C. and Mawhin, J.},
  Journal                  = {J. Math. Anal. Appl.},
  Year                     = {2009},
  Number                   = {1},
  Pages                    = {218--233},
  Volume                   = {352},

  Fjournal                 = {Journal of Mathematical Analysis and Applications},
  Owner                    = {fernando},
  Timestamp                = {2016.05.05}
}

@Article{Cristia-2008,
  Title                    = {Periodic solutions of nonlinear perturbations of {$\phi$}-{L}aplacians with possibly bounded {$\phi$}},
  Author                   = {Bereanu, C. and Mawhin, J.},
  Journal                  = {Nonlinear Anal.},
  Year                     = {2008},
  Number                   = {6},
  Pages                    = {1668--1681},
  Volume                   = {68},

  Fjournal                 = {Nonlinear Analysis. Theory, Methods \& Applications. An International Multidisciplinary Journal. Series A: Theory and Methods},
  Owner                    = {fernando},
  Timestamp                = {2016.05.05}
}

@Article{C-2007,
  Title                    = {Existence and multiplicity results for some nonlinear problems with singular {$\phi$}-{L}aplacian},
  Author                   = {Bereanu, C. and Mawhin, J.},
  Journal                  = {J. Differential Equations},
  Year                     = {2007},
  Number                   = {2},
  Pages                    = {536--557},
  Volume                   = {243},

  Fjournal                 = {Journal of Differential Equations},
  Owner                    = {fernando},
  Timestamp                = {2016.05.05}
}

@Book{b,
  Title                    = {Differential equations: theory and applications},
  Author                   = {Betounes, David},
  Publisher                = {Springer},
  Year                     = {2010},

  Address                  = {New York},
  Edition                  = {Second},

  Doi                      = {10.1007/978-1-4419-1163-6},
  ISBN                     = {978-1-4419-1162-9},
  Mrclass                  = {34-01 (37-01 68W30 70-01)},
  Mrnumber                 = {2571569 (2010k:34001)},
  Owner                    = {fernando},
  Pages                    = {xiv+626},
  Timestamp                = {2016.05.05},
  Url                      = {http://dx.doi.org/10.1007/978-1-4419-1163-6}
}

@Article{bobisud1991steady,
  Title                    = {Steady-state turbulent flow with reaction},
  Author                   = {Bobisud, LE},
  Journal                  = {JOURNAL OF MATHEMATICS},
  Year                     = {1991},
  Number                   = {3},
  Volume                   = {21},

  Owner                    = {fernando},
  Timestamp                = {2016.05.05}
}

@Book{calogero2008isochronous,
  Title                    = {Isochronous systems},
  Author                   = {Calogero, Francesco},
  Publisher                = {Oxford University Press},
  Year                     = {2008},

  Address                  = {Oxford},

  Doi                      = {10.1093/acprof:oso/9780199535286.001.0001},
  ISBN                     = {978-0-19-953528-6},
  Mrclass                  = {37J05 (34C05 34C25 34M99 35Q55 37K10 70H12)},
  Mrnumber                 = {2383111 (2009h:37114)},
  Mrreviewer               = {Cristina Stoica},
  Owner                    = {fernando},
  Pages                    = {x+250},
  Timestamp                = {2016.05.05},
  Url                      = {http://dx.doi.org/10.1093/acprof:oso/9780199535286.001.0001}
}

@Article{cianchi2000fully,
  Title                    = {A fully anisotropic {S}obolev inequality},
  Author                   = {Cianchi, A.},
  Journal                  = {Pacific J. Math.},
  Year                     = {2000},
  Number                   = {2},
  Pages                    = {283--295},
  Volume                   = {196},

  Fjournal                 = {Pacific Journal of Mathematics},
  Owner                    = {fernando},
  Timestamp                = {2016.05.05}
}

@Article{cianchi2000local,
  Title                    = {Local boundedness of minimizers of anisotropic functionals},
  Author                   = {Cianchi, A.},
  Journal                  = {Ann. Inst. H. Poincar\'e Anal. Non Lin\'eaire},
  Year                     = {2000},
  Number                   = {2},
  Pages                    = {147--168},
  Volume                   = {17},

  Fjournal                 = {Annales de l'Institut Henri Poincar\'e. Analyse Non Lin\'eaire},
  Owner                    = {fernando},
  Timestamp                = {2016.05.05}
}

@InCollection{cianchi1999some,
  Title                    = {Some results in the theory of {O}rlicz spaces and applications to variational problems},
  Author                   = {Cianchi, A.},
  Booktitle                = {Nonlinear analysis, function spaces and applications, {V}ol. 6 ({P}rague, 1998)},
  Publisher                = {Acad. Sci. Czech Repub., Prague},
  Year                     = {1999},
  Pages                    = {50--92},

  Owner                    = {fernando},
  Timestamp                = {2016.05.05}
}

@Article{cianchi1996sharp,
  Title                    = {A sharp embedding theorem for Orlicz-Sobolev spaces},
  Author                   = {Cianchi, Andrea},
  Journal                  = {Indiana University Mathematics Journal},
  Year                     = {1996},
  Number                   = {1},
  Pages                    = {39--66},
  Volume                   = {45},

  Owner                    = {fernando},
  Timestamp                = {2016.05.05}
}

@Article{cianchi1999gradient,
  Title                    = {Gradient regularity for minimizers under general growth conditions},
  Author                   = {Cianchi, A. and Fusco, N.},
  Journal                  = {J. Reine Angew. Math.},
  Year                     = {1999},
  Pages                    = {15--36},
  Volume                   = {507},

  Fjournal                 = {Journal f\"ur die Reine und Angewandte Mathematik},
  Owner                    = {fernando},
  Timestamp                = {2016.05.05}
}

@Article{cianchi2004optimal,
  Title                    = {Optimal Orlicz-Sobolev embeddings},
  Author                   = {Cianchi, Andrea and others},
  Journal                  = {Revista Matem{\'a}tica Iberoamericana},
  Year                     = {2004},
  Number                   = {2},
  Pages                    = {427--474},
  Volume                   = {20},

  Owner                    = {fernando},
  Publisher                = {Departamento de Matem{\'a}ticas, Universidad Aut{\'o}noma de Madrid},
  Timestamp                = {2016.05.05}
}

@Book{clarke2013functional,
  Title                    = {Functional Analysis, Calculus of Variations and Optimal Control},
  Author                   = {Clarke, F.},
  Publisher                = {Springer London},
  Year                     = {2013},
  Series                   = {Graduate Texts in Mathematics}
}

@Book{clarke1990optimization,
  Title                    = {Optimization and Nonsmooth Analysis},
  Author                   = {Clarke, F.H.},
  Publisher                = {SIAM, Philadelphia},
  Year                     = {1990},
  Series                   = {Classics in Applied Mathematics},

  Owner                    = {fernando},
  Timestamp                = {2016.05.05}
}

@Misc{claverooptimal,
  Title                    = {Optimal {S}obolev embeddings and {F}unction {S}paces},

  Author                   = {Clavero, N.},
  HowPublished             = {\url{http://www.maia.ub.edu/~soria/sobolev1.pdf}},
  Note                     = {Last accessed: 2014-12-22.},
  Year                     = {2011},

  Owner                    = {fernando},
  Timestamp                = {2016.05.05}
}

@Book{Conway1977,
  Title                    = {A Course in Functional Analysis},
  Author                   = {J. B. Conway},
  Publisher                = {Springer},
  Year                     = {1977},

  Address                  = {USA},

  Owner                    = {fernando},
  Timestamp                = {2016.05.05}
}

@Article{donaldson1971orlicz,
  Title                    = {Orlicz-Sobolev spaces and imbedding theorems},
  Author                   = {Donaldson, Thomas K and Trudinger, Neil S},
  Journal                  = {Journal of Functional Analysis},
  Year                     = {1971},
  Number                   = {1},
  Pages                    = {52--75},
  Volume                   = {8},

  Owner                    = {fernando},
  Publisher                = {Elsevier},
  Timestamp                = {2016.05.05}
}

@Article{dab,
  Title                    = {Inequalities for beta and gamma functions via some classical and new integral inequalities},
  Author                   = {Dragomir, S. S. and Agarwal, R. P. and Barnett, N. S.},
  Journal                  = {J. Inequal. Appl.},
  Year                     = {2000},
  Number                   = {2},
  Pages                    = {103--165},
  Volume                   = {5},

  Fjournal                 = {Journal of Inequalities and Applications},
  Owner                    = {fernando},
  Timestamp                = {2016.05.05}
}

@Misc{driver,
  Title                    = {Analysis Tools with Applications},

  Author                   = {Driver, B.},
  HowPublished             = {\url{http://www.math.ucsd.edu/~bdriver/231-02-03/Lecture_Notes/PDE-Anal-Book/analpde1.pdf}},
  Note                     = {Last accessed: 2014-12-22.},
  Year                     = {2003},

  Owner                    = {fernando},
  Timestamp                = {2016.05.05}
}

@Article{edmunds2000optimal,
  Title                    = {Optimal {S}obolev imbeddings involving rearrangement-invariant quasinorms},
  Author                   = {Edmunds, D. and Kerman, R. and Pick, L.},
  Journal                  = {J. Funct. Anal.},
  Year                     = {2000},
  Number                   = {2},
  Pages                    = {307--355},
  Volume                   = {170},

  Fjournal                 = {Journal of Functional Analysis},
  Owner                    = {fernando},
  Timestamp                = {2016.05.05}
}

@Book{ekeland1999convex,
  Title                    = {Convex analysis and variational problems},
  Author                   = {Ekeland, I. and T{\'e}mam, R.},
  Publisher                = {Society for Industrial and Applied Mathematics (SIAM), Philadelphia, PA},
  Year                     = {1999},

  Owner                    = {fernando},
  Timestamp                = {2016.05.05}
}

@Book{erdelyi,
  Title                    = {Asymptotic expansions},
  Author                   = {A. Erdelyi},
  Publisher                = {Dover Publications},
  Year                     = {2010},

  Owner                    = {fernando},
  Timestamp                = {2016.05.05}
}

@Book{evans2010partial,
  Title                    = {Partial Differential Equations},
  Author                   = {Evans, L.C.},
  Publisher                = {American Mathematical Society},
  Year                     = {2010},

  Owner                    = {fernando},
  Timestamp                = {2016.05.05}
}

@Article{FK97,
  Title                    = {Indices of {O}rlicz spaces and some applications},
  Author                   = {Fiorenza, A. and Krbec, M.},
  Journal                  = {Comment. Math. Univ. Carolin.},
  Year                     = {1997},
  Number                   = {3},
  Pages                    = {433--451},
  Volume                   = {38},

  Coden                    = {CMUCAA},
  Fjournal                 = {Commentationes Mathematicae Universitatis Carolinae},
  ISSN                     = {0010-2628},
  Mrclass                  = {46E30 (26A12 42B20)},
  Mrnumber                 = {1485066 (99b:46032)},
  Mrreviewer               = {Ha Huy Bang},
  Owner                    = {fernando},
  Timestamp                = {2016.05.05}
}

@Book{fonseca2007modern,
  Title                    = {Modern Methods in the Calculus of Variations: L\^{}p Spaces},
  Author                   = {Fonseca, I. and Leoni, G.},
  Publisher                = {Springer},
  Year                     = {2007},
  Series                   = {Springer Monographs in Mathematics},

  Owner                    = {fernando},
  Timestamp                = {2016.05.05}
}

@Article{M-1999,
  Title                    = {On principal eigenvalues for quasilinear elliptic differential operators: an {O}rlicz-{S}obolev space setting},
  Author                   = {Garc{\'{\i}}a-Huidobro, M. and Le, V. and Man{\'a}sevich, R. and Schmitt, K.},
  Journal                  = {NoDEA Nonlinear Differential Equations Appl.},
  Year                     = {1999},
  Number                   = {2},
  Pages                    = {207--225},
  Volume                   = {6},

  Fjournal                 = {NoDEA. Nonlinear Differential Equations and Applications},
  Owner                    = {fernando},
  Timestamp                = {2016.05.05}
}

@Article{ghmz,
  Title                    = {A {F}redholm-like result for strongly nonlinear second order {ODE}s},
  Author                   = {Garc{\'{\i}}a-Huidobro, Marta and Man{\'a}sevich, Ra{\'u}l and Zanolin, Fabio},
  Journal                  = {J. Differential Equations},
  Year                     = {1994},
  Number                   = {1},
  Pages                    = {132--167},
  Volume                   = {114},

  Fjournal                 = {Journal of Differential Equations},
  Owner                    = {fernando},
  Timestamp                = {2016.05.05}
}

@Article{garcia2009principal,
  Title                    = {On principal eigenvalues for quasilinear elliptic differential operators: an Orlicz-Sobolev space setting},
  Author                   = {Garc{\'\i}a-Huidobro, Marta and Le, VK and Man{\'a}sevich, R and Schmitt, K},
  Journal                  = {NoDEA: Nonlinear Differential Equations and Applications},
  Year                     = {2009},
  Number                   = {2},
  Pages                    = {207--225},
  Volume                   = {6},

  Owner                    = {fernando},
  Publisher                = {Springer},
  Timestamp                = {2016.05.05}
}

@Article{garcia1994pseudo,
  Title                    = {On a pseudo Fu{\v{c}}{\'\i}k spectrum for strongly nonlinear second-order ODEs and an existence result},
  Author                   = {Garc{\'\i}a-Huidobro, Marta and Man{\'a}sevich, Ra{\'u}l and Zanolin, Fabio},
  Journal                  = {Journal of computational and applied mathematics},
  Year                     = {1994},
  Number                   = {1},
  Pages                    = {219--239},
  Volume                   = {52},

  Owner                    = {fernando},
  Publisher                = {Elsevier},
  Timestamp                = {2016.05.05}
}

@Article{garcia1996principal,
  Title                    = {On Principal Eigenvalues of $p$-Laplacian-like Operators},
  Author                   = {Garc{\i}a-Huidobro, M. and Man{\'a}sevich, R. and Schmitt, K.},
  Journal                  = {Journal of differential equations},
  Year                     = {1996},
  Number                   = {1},
  Pages                    = {235--246},
  Volume                   = {130},

  Owner                    = {fernando},
  Publisher                = {Academic Press},
  Timestamp                = {2016.05.05}
}

@Article{garcia1996strongly,
  Title                    = {Strongly nonlinear second-order ODEs with rapidly growing terms},
  Author                   = {Garc{\i}a-Huidobro, M and Man{\'a}sevich, R. and Zanolin, F.},
  Journal                  = {Journal of mathematical analysis and applications},
  Year                     = {1996},
  Number                   = {1},
  Pages                    = {1--26},
  Volume                   = {202},

  Owner                    = {fernando},
  Publisher                = {Elsevier},
  Timestamp                = {2016.05.05}
}

@Article{ghms,
  Title                    = {On principal eigenvalues of {$p$}-{L}aplacian-like operators},
  Author                   = {Garcia-Huidobro, M. and Man{\'a}sevich, R. and Schmitt, K.},
  Journal                  = {J. Differential Equations},
  Year                     = {1996},
  Number                   = {1},
  Pages                    = {235--246},
  Volume                   = {130},

  Fjournal                 = {Journal of Differential Equations},
  Mrreviewer               = {Zuchi Chen},
  Owner                    = {fernando},
  Timestamp                = {2016.05.05}
}

@Article{garciahuidobro1994fredholm,
  Title                    = {A {F}redholm like Result for Strongly Nonlinear Second Order ODEs},
  Author                   = {Garciahuidobro, M. and Manasevich, R. and Zanolin, F.},
  Journal                  = {Journal of Differential Equations},
  Year                     = {1994},
  Number                   = {1},
  Pages                    = {132--167},
  Volume                   = {114},

  Owner                    = {fernando},
  Publisher                = {Academic Press},
  Timestamp                = {2016.05.05}
}

@Article{guo2003existence,
  Title                    = {The existence of periodic and subharmonic solutions of subquadratic second order difference equations},
  Author                   = {Guo, Zhiming and Yu, Jianshe},
  Journal                  = {Journal of the London Mathematical Society},
  Year                     = {2003},
  Number                   = {02},
  Pages                    = {419--430},
  Volume                   = {68},

  Owner                    = {fernando},
  Publisher                = {Cambridge Univ Press},
  Timestamp                = {2016.05.05}
}

@Article{GP77,
  Title                    = {Interpolation of {O}rlicz spaces},
  Author                   = {Gustavsson, J. and Peetre, J.},
  Journal                  = {Studia Mathematica},
  Year                     = {1977},
  Number                   = {1},
  Pages                    = {33-59},
  Volume                   = {60},

  Bdsk-url-1               = {http://eudml.org/doc/218150},
  Language                 = {eng},
  Owner                    = {fernando},
  Publisher                = {Institute of Mathematics Polish Academy of Sciences},
  Timestamp                = {2016.05.05},
  Url                      = {http://eudml.org/doc/218150}
}

@Article{hardy1988demicontinuity,
  Title                    = {Demicontinuity of Nemitsky operators on Orlicz-Sobolev spaces},
  Author                   = {Hardy, Grahame},
  Journal                  = {Bulletin of the Australian Mathematical Society},
  Year                     = {1988},
  Number                   = {01},
  Pages                    = {29--42},
  Volume                   = {37},

  Owner                    = {fernando},
  Publisher                = {Cambridge Univ Press},
  Timestamp                = {2016.05.05}
}

@Book{holmes2014course,
  Title                    = {A Course on Optimization and Best Approximation},
  Author                   = {Holmes, R.B.},
  Publisher                = {Springer},
  Year                     = {2014},

  Owner                    = {fernando},
  Timestamp                = {2016.05.05}
}

@Article{hudzik2000amemiya,
  Title                    = {Amemiya norm equals {O}rlicz norm in general},
  Author                   = {Hudzik, H. and Maligranda, L.},
  Journal                  = {Indag. Math. (N.S.)},
  Year                     = {2000},
  Number                   = {4},
  Pages                    = {573--585},
  Volume                   = {11},

  Fjournal                 = {Koninklijke Nederlandse Akademie van Wetenschappen. Indagationes Mathematicae. New Series},
  Owner                    = {fernando},
  Timestamp                = {2016.05.05}
}

@Article{hm,
  Title                    = {Nonlinear eigenvalues for a quasilinear elliptic system in {O}rlicz-{S}obolev spaces},
  Author                   = {Huentutripay, Jorge and Man{\'a}sevich, Ra{\'u}l},
  Journal                  = {J. Dynam. Differential Equations},
  Year                     = {2006},
  Number                   = {4},
  Pages                    = {901--929},
  Volume                   = {18},

  Fjournal                 = {Journal of Dynamics and Differential Equations},
  Owner                    = {fernando},
  Timestamp                = {2016.05.05}
}

@Article{kato1964demicontinuity,
  Title                    = {Demicontinuity, hemicontinuity and monotonicity},
  Author                   = {Kato, T.},
  Journal                  = {Bull. Amer. Math. Soc.},
  Year                     = {1964},
  Pages                    = {548--550},
  Volume                   = {70},

  Fjournal                 = {Bulletin of the American Mathematical Society},
  Owner                    = {fernando},
  Timestamp                = {2016.05.05}
}

@Article{kerman2006optimal,
  Title                    = {Optimal {S}obolev imbeddings},
  Author                   = {Kerman, R. and Pick, L.},
  Journal                  = {Forum Math.},
  Year                     = {2006},
  Number                   = {4},
  Pages                    = {535--570},
  Volume                   = {18},

  Fjournal                 = {Forum Mathematicum},
  Owner                    = {fernando},
  Timestamp                = {2016.05.05}
}

@Book{krasnosel2011integral,
  Title                    = {Integral operators in spaces of summable functions},
  Author                   = {Krasnosel'skii, M.A. and Zabreyko, P.P. and Pustylnik, E.I. and Sobolevski, P.E.},
  Publisher                = {Springer Netherlands},
  Year                     = {2011},
  Series                   = {Mechanics: Analysis},

  Owner                    = {fernando},
  Timestamp                = {2016.05.05}
}

@Book{KR,
  Title                    = {Convex functions and {O}rlicz spaces},
  Author                   = {Krasnosel{\cprime}ski{\u\i}, M. A. and Ruticki{\u\i}, Ja. B.},
  Publisher                = {P. Noordhoff Ltd., Groningen},
  Year                     = {1961},

  Owner                    = {fernando},
  Timestamp                = {2016.05.05}
}

@Book{llibre2015central,
  Title                    = {Central Configurations, Periodic Orbits, and Hamiltonian Systems},
  Author                   = {Llibre, J. and Moeckel, R. and Sim{\'o}, C.},
  Publisher                = {Springer Basel},
  Year                     = {2015},
  Series                   = {Advanced Courses in Mathematics - CRM Barcelona},

  ISBN                     = {9783034809337},
  Owner                    = {fernando},
  Timestamp                = {2016.05.05},
  Url                      = {https://books.google.com.ar/books?id=-FM-CwAAQBAJ}
}

@Article{ma2009existence,
  Title                    = {Existence of infinitely many periodic solutions for ordinary p-Laplacian systems},
  Author                   = {Ma, Shiwang and Zhang, Yuxiang},
  Journal                  = {Journal of Mathematical Analysis and Applications},
  Year                     = {2009},
  Number                   = {1},
  Pages                    = {469--479},
  Volume                   = {351},

  Owner                    = {fernando},
  Timestamp                = {2016.05.05}
}

@Book{M,
  Title                    = {Orlicz spaces and interpolation},
  Author                   = {Maligranda, L.},
  Publisher                = {Universidade Estadual de Campinas, Departamento de Matem\'atica, Campinas},
  Year                     = {1989},
  Series                   = {Semin\'arios de Matem\'atica [Seminars in Mathematics]},
  Volume                   = {5},

  Owner                    = {fernando},
  Timestamp                = {2016.05.05}
}

@Article{manasevich2000boundary,
  Title                    = {Boundary value problems for nonlinear perturbations of vector {$p$}-{L}aplacian-like operators},
  Author                   = {Man{\'a}sevich, R. and Mawhin, J.},
  Journal                  = {J. Korean Math. Soc.},
  Year                     = {2000},
  Number                   = {5},
  Pages                    = {665--685},
  Volume                   = {37},

  Fjournal                 = {Journal of the Korean Mathematical Society},
  Owner                    = {fernando},
  Timestamp                = {2016.05.05}
}

@Article{manasevich1998periodic,
  Title                    = {Periodic solutions for nonlinear systems with {$p$}-{L}aplacian-like operators},
  Author                   = {Man{\'a}sevich, R. and Mawhin, J.},
  Journal                  = {J. Differential Equations},
  Year                     = {1998},
  Number                   = {2},
  Pages                    = {367--393},
  Volume                   = {145},

  Fjournal                 = {Journal of Differential Equations},
  Owner                    = {fernando},
  Timestamp                = {2016.05.05}
}

@Article{manazano,
  Title                    = {Time-mappings and multiplicity of solutions for the one-dimensional {$p$}-{L}aplacian},
  Author                   = {Man{\'a}sevich, Ra{\'u}l and Zanolin, Fabio},
  Journal                  = {Nonlinear Anal.},
  Year                     = {1993},
  Number                   = {4},
  Pages                    = {269--291},
  Volume                   = {21},

  Owner                    = {fernando},
  Timestamp                = {2016.05.05}
}

@Article{mawhin2012periodic,
  Title                    = {Periodic solutions of second order nonlinear difference systems with $\phi$-Laplacian: a variational approach},
  Author                   = {Mawhin, Jean},
  Journal                  = {Nonlinear Analysis: Theory, Methods \& Applications},
  Year                     = {2012},
  Number                   = {12},
  Pages                    = {4672--4687},
  Volume                   = {75},

  Owner                    = {fernando},
  Publisher                = {Elsevier},
  Timestamp                = {2016.05.05}
}

@Book{mawhin2010critical,
  Title                    = {Critical point theory and {H}amiltonian systems},
  Author                   = {Mawhin, J. and Willem, M.},
  Publisher                = {Springer-Verlag, New York},
  Year                     = {1989},

  Owner                    = {fernando},
  Timestamp                = {2016.05.05}
}

@Article{mihuailescu2010eigenvalueb,
  Title                    = {Eigenvalue problems for anisotropic elliptic equations: An Orlicz--Sobolev space setting},
  Author                   = {Mih{\u{a}}ilescu, Mihai and Moro{\c{s}}anu, Gheorghe and R{\u{a}}dulescu, Vicen{\c{t}}iu},
  Journal                  = {Nonlinear Analysis: Theory, Methods \& Applications},
  Year                     = {2010},
  Number                   = {10},
  Pages                    = {3239--3253},
  Volume                   = {73},

  Owner                    = {fernando},
  Publisher                = {Elsevier},
  Timestamp                = {2016.05.05}
}

@Article{mira,
  Title                    = {A continuous spectrum for nonhomogeneous differential operators in {O}rlicz-{S}obolev spaces},
  Author                   = {Mih{\u{a}}ilescu, Mihai and R{\u{a}}dulescu, Vicen{\c{t}}iu},
  Journal                  = {Math. Scand.},
  Year                     = {2009},
  Number                   = {1},
  Pages                    = {132--146},
  Volume                   = {104},

  Coden                    = {MTSCAN},
  Fjournal                 = {Mathematica Scandinavica},
  ISSN                     = {0025-5521},
  Mrclass                  = {35J60 (35J25 35P05 47F05 49R05)},
  Mrnumber                 = {2498377 (2010b:35135)},
  Mrreviewer               = {Stephen B. Robinson},
  Owner                    = {fernando},
  Timestamp                = {2016.05.05}
}

@Article{mihuailescu2008eigenvalue,
  Title                    = {Eigenvalue problems associated with nonhomogeneous differential operators, in Orlicz--Sobolev spaces},
  Author                   = {Mih{\u{a}}ilescu, Mihai and R{\u{a}}dulescu, Vicen{\c{t}}iu},
  Journal                  = {Analysis and Applications},
  Year                     = {2008},
  Number                   = {01},
  Pages                    = {83--98},
  Volume                   = {6},

  Owner                    = {fernando},
  Publisher                = {World Scientific},
  Timestamp                = {2016.05.05}
}

@Article{mirare,
  Title                    = {On a non-homogeneous eigenvalue problem involving a potential: an {O}rlicz-{S}obolev space setting},
  Author                   = {Mih{\u{a}}ilescu, Mihai and R{\u{a}}dulescu, Vicen{\c{t}}iu and Repov{\v{s}}, Du{\v{s}}an},
  Journal                  = {J. Math. Pures Appl. (9)},
  Year                     = {2010},
  Number                   = {2},
  Pages                    = {132--148},
  Volume                   = {93},

  Doi                      = {10.1016/j.matpur.2009.06.004},
  Fjournal                 = {Journal de Math\'ematiques Pures et Appliqu\'ees. Neuvi\`eme S\'erie},
  ISSN                     = {0021-7824},
  Mrclass                  = {35R30 (35J60 46E35 47J30 58E05)},
  Mrnumber                 = {2584738 (2011d:35519)},
  Mrreviewer               = {Sergey G. Pyatkov},
  Owner                    = {fernando},
  Timestamp                = {2016.05.05},
  Url                      = {http://dx.doi.org/10.1016/j.matpur.2009.06.004}
}

@PhdThesis{mihailescu2010eigenvalue,
  Title                    = {Eigenvalue Problems for Some Elliptic Partial Differential Operators},
  Author                   = {Mihailescu, Mihai},
  School                   = {Central European University},
  Year                     = {2010},

  Owner                    = {fernando},
  Timestamp                = {2016.05.05}
}

@Article{mihailescu2007continuous,
  Title                    = {A continuous spectrum for nonhomogeneous differential operators in Orlicz-Sobolev spaces},
  Author                   = {Mihailescu, Mihai and Radulescu, Vicentiu},
  Journal                  = {arXiv preprint arXiv:0711.0904},
  Year                     = {2007},

  Owner                    = {fernando},
  Timestamp                = {2016.05.05}
}

@Article{moulton1910straight,
  Title                    = {The straight line solutions of the problem of N bodies},
  Author                   = {Moulton, Forest R},
  Journal                  = {The Annals of Mathematics},
  Year                     = {1910},
  Number                   = {1},
  Pages                    = {1--17},
  Volume                   = {12},

  Publisher                = {JSTOR}
}

@Article{ouyang2005collinear,
  Title                    = {Collinear central configuration in four-body problem},
  Author                   = {Ouyang, Tiancheng and Xie, Zhifu},
  Journal                  = {Celestial Mechanics and Dynamical Astronomy},
  Year                     = {2005},
  Number                   = {1-4},
  Pages                    = {147--166},
  Volume                   = {93},

  Publisher                = {Springer}
}

@Article{pacsca2007periodic,
  Title                    = {Periodic solutions of second-order differential inclusions systems with p-Laplacian},
  Author                   = {Pa{\c{s}}ca, Daniel},
  Journal                  = {Journal of Mathematical Analysis and Applications},
  Year                     = {2007},
  Number                   = {1},
  Pages                    = {90--100},
  Volume                   = {325},

  Owner                    = {fernando},
  Publisher                = {Elsevier},
  Timestamp                = {2016.05.05}
}

@Article{pacsca2008subharmonic,
  Title                    = {Subharmonic solutions for nonautonomous sublinear second-order differential inclusions systems with p-Laplacian},
  Author                   = {Pa{\c{s}}ca, Daniel and Tang, Chun-Lei},
  Journal                  = {Nonlinear Analysis: Theory, Methods \& Applications},
  Year                     = {2008},
  Number                   = {4},
  Pages                    = {1083--1090},
  Volume                   = {69},

  Owner                    = {fernando},
  Publisher                = {Elsevier},
  Timestamp                = {2016.05.05}
}

@Article{pem,
  Title                    = {A homotopic deformation along {$p$} of a {L}eray-{S}chauder degree result and existence for {$(\vert u'\vert^{p-2}u')'+f(t,u)=0,\;u(0)=u(T)=0,\;p>1$}},
  Author                   = {del Pino, Manuel and Elgueta, Manuel and Man{\'a}sevich, Ra{\'u}l},
  Journal                  = {J. Differential Equations},
  Year                     = {1989},
  Number                   = {1},
  Pages                    = {1--13},
  Volume                   = {80},

  Coden                    = {JDEQAK},
  Doi                      = {10.1016/0022-0396(89)90093-4},
  Fjournal                 = {Journal of Differential Equations},
  ISSN                     = {0022-0396},
  Mrclass                  = {34B15 (47H11 47H15 58C30)},
  Mrnumber                 = {1003248 (91i:34018)},
  Mrreviewer               = {J. Dane{\v{s}}},
  Owner                    = {fernando},
  Timestamp                = {2016.05.05},
  Url                      = {http://dx.doi.org/10.1016/0022-0396(89)90093-4}
}

@Book{rabinowitz1986minimax,
  Title                    = {Minimax Methods in Critical Point Theory with Applications to Differential Equations},
  Author                   = {Rabinowitz, P.H. and Sciences, C.B.M.},
  Publisher                = {AMS},
  Year                     = {1986},

  Owner                    = {fernando},
  Timestamp                = {2016.05.05}
}

@Book{2002applications,
  Title                    = {Applications of {O}rlicz spaces},
  Author                   = {Rao, M. M. and Ren, Z. D.},
  Publisher                = {Marcel Dekker, Inc., New York},
  Year                     = {2002},

  Owner                    = {fernando},
  Timestamp                = {2016.05.05}
}

@Book{rao1991theory,
  Title                    = {Theory of {O}rlicz spaces},
  Author                   = {Rao, M. M. and Ren, Z. D.},
  Publisher                = {Marcel Dekker, Inc., New York},
  Year                     = {1991},
  Volume                   = {146},

  Owner                    = {fernando},
  Timestamp                = {2016.05.05}
}

@Book{rockafellar2009variational,
  Title                    = {Variational analysis},
  Author                   = {Rockafellar, R. T. and Wets, R.},
  Publisher                = {Springer-Verlag, Berlin},
  Year                     = {1998},

  Owner                    = {fernando},
  Timestamp                = {2016.05.05}
}

@Article{Orliczvectorial2005,
  Title                    = {A notion of {O}rlicz spaces for vector valued functions},
  Author                   = {Schappacher, G.},
  Journal                  = {Appl. Math.},
  Year                     = {2005},
  Number                   = {4},
  Pages                    = {355--386},
  Volume                   = {50},

  Fjournal                 = {Applications of Mathematics},
  Owner                    = {fernando},
  Timestamp                = {2016.05.05}
}

@Article{shoaib2011collinear,
  Title                    = {Collinear equilibrium solutions of four-body problem},
  Author                   = {Shoaib, Muhammad and Faye, Ibrahima},
  Journal                  = {Journal of Astrophysics and Astronomy},
  Year                     = {2011},
  Number                   = {3},
  Pages                    = {411--423},
  Volume                   = {32},

  Publisher                = {Springer}
}

@Article{skaff1969vectorI,
  Title                    = {Vector valued Orlicz spaces generalized N-functions. I},
  Author                   = {Skaff, Michael},
  Journal                  = {Pacific Journal of Mathematics},
  Year                     = {1969},
  Number                   = {1},
  Pages                    = {193--206},
  Volume                   = {28},

  Publisher                = {Mathematical Sciences Publishers}
}

@Article{skaff1969vectorII,
  Title                    = {Vector valued Orlicz spaces. II},
  Author                   = {Skaff, Michael},
  Journal                  = {Pacific Journal of Mathematics},
  Year                     = {1969},
  Number                   = {2},
  Pages                    = {413--430},
  Volume                   = {28},

  Publisher                = {Mathematical Sciences Publishers}
}

@Book{struwe2008variational,
  Title                    = {Variational methods},
  Author                   = {Struwe, M.},
  Publisher                = {Springer-Verlag, Berlin},
  Year                     = {2008},

  Owner                    = {fernando},
  Timestamp                = {2016.05.05}
}

@Article{tang2001periodic,
  Title                    = {Periodic solutions for second order systems with not uniformly coercive potential},
  Author                   = {Tang, C. -L. and Wu, X.-P.},
  Journal                  = {J. Math. Anal. Appl.},
  Year                     = {2001},
  Number                   = {2},
  Pages                    = {386--397},
  Volume                   = {259},

  Fjournal                 = {Journal of Mathematical Analysis and Applications},
  Owner                    = {fernando},
  Timestamp                = {2016.05.05}
}

@Article{tang1998periodic,
  Title                    = {Periodic solutions for nonautonomous second order systems with sublinear nonlinearity},
  Author                   = {Tang, C.-L.},
  Journal                  = {Proc. Amer. Math. Soc.},
  Year                     = {1998},
  Number                   = {11},
  Pages                    = {3263--3270},
  Volume                   = {126},

  Fjournal                 = {Proceedings of the American Mathematical Society},
  Owner                    = {fernando},
  Timestamp                = {2016.05.05}
}

@Article{tang1995periodic,
  Title                    = {Periodic solutions of non-autonomous second order systems with {$\gamma$}-quasisubadditive potential},
  Author                   = {Tang, C.-L.},
  Journal                  = {J. Math. Anal. Appl.},
  Year                     = {1995},
  Number                   = {3},
  Pages                    = {671--675},
  Volume                   = {189},

  Fjournal                 = {Journal of Mathematical Analysis and Applications},
  Owner                    = {fernando},
  Timestamp                = {2016.05.05}
}

@Article{tang2010periodic,
  Title                    = {Periodic solutions for second-order {H}amiltonian systems with a {$p$}-{L}aplacian},
  Author                   = {Tang, X. and Zhang, X.},
  Journal                  = {Ann. Univ. Mariae Curie-Sk\l odowska Sect. A},
  Year                     = {2010},
  Number                   = {1},
  Pages                    = {93--113},
  Volume                   = {64},

  Fjournal                 = {Annales Universitatis Mariae Curie-Sk\l odowska. Sectio A. Mathematica},
  Owner                    = {fernando},
  Timestamp                = {2016.05.05}
}

@Article{Tian2007192,
  Title                    = {Periodic solutions of non-autonomous second-order systems with a {$p$}-{L}aplacian},
  Author                   = {Tian, Y. and Ge, W.},
  Journal                  = {Nonlinear Anal.},
  Year                     = {2007},
  Number                   = {1},
  Pages                    = {192--203},
  Volume                   = {66},

  Fjournal                 = {Nonlinear Analysis. Theory, Methods \& Applications. An International Multidisciplinary Journal. Series A: Theory and Methods},
  Owner                    = {fernando},
  Timestamp                = {2016.05.05}
}

@Article{torres2008periodic,
  Title                    = {Periodic oscillations of the relativistic pendulum with friction},
  Author                   = {Torres, PJ},
  Journal                  = {Physics Letters A},
  Year                     = {2008},
  Number                   = {42},
  Pages                    = {6386--6387},
  Volume                   = {372},

  Owner                    = {fernando},
  Publisher                = {Elsevier},
  Timestamp                = {2016.05.05}
}

@Article{wu1999periodic,
  Title                    = {Periodic solutions of a class of non-autonomous second-order systems},
  Author                   = {Wu, X.-P. and Tang, C.-L.},
  Journal                  = {J. Math. Anal. Appl.},
  Year                     = {1999},
  Number                   = {2},
  Pages                    = {227--235},
  Volume                   = {236},

  Fjournal                 = {Journal of Mathematical Analysis and Applications},
  Owner                    = {fernando},
  Timestamp                = {2016.05.05}
}

@Article{xie2014analytical,
  Title                    = {An analytical proof on certain determinants connected with the collinear central configurations in the n-body problem},
  Author                   = {Xie, Zhifu},
  Journal                  = {Celestial Mechanics and Dynamical Astronomy},
  Year                     = {2014},
  Number                   = {1},
  Pages                    = {89--97},
  Volume                   = {118},

  Publisher                = {Springer}
}

@Article{xu2007some,
  Title                    = {Some existence results on periodic solutions of ordinary {$p$}-{L}aplacian systems},
  Author                   = {Xu, B. and Tang, C.-L.},
  Journal                  = {J. Math. Anal. Appl.},
  Year                     = {2007},
  Number                   = {2},
  Pages                    = {1228--1236},
  Volume                   = {333},

  Fjournal                 = {Journal of Mathematical Analysis and Applications},
  Owner                    = {fernando},
  Timestamp                = {2016.05.05}
}

@Article{ye2008periodic,
  Title                    = {Periodic solutions for some nonautonomous second order {H}amiltonian systems},
  Author                   = {Ye, Y.-W. and Tang, C.-L.},
  Journal                  = {J. Math. Anal. Appl.},
  Year                     = {2008},
  Number                   = {1},
  Pages                    = {462--471},
  Volume                   = {344},

  Fjournal                 = {Journal of Mathematical Analysis and Applications},
  Owner                    = {fernando},
  Timestamp                = {2016.05.05}
}

@Article{zhao2005existence,
  Title                    = {Existence and multiplicity of periodic solution for non-autonomous second-order systems with linear nonlinearity},
  Author                   = {Zhao, Fukun and Wu, Xian},
  Journal                  = {Nonlinear Analysis: Theory, Methods \& Applications},
  Year                     = {2005},
  Number                   = {2},
  Pages                    = {325--335},
  Volume                   = {60},

  Owner                    = {fernando},
  Publisher                = {Elsevier},
  Timestamp                = {2016.05.05}
}

@Article{zhao2004periodic,
  Title                    = {Periodic solutions for a class of non-autonomous second order systems},
  Author                   = {Zhao, F. and Wu, X.},
  Journal                  = {J. Math. Anal. Appl.},
  Year                     = {2004},
  Number                   = {2},
  Pages                    = {422--434},
  Volume                   = {296},

  Fjournal                 = {Journal of Mathematical Analysis and Applications},
  Owner                    = {fernando},
  Timestamp                = {2016.05.05}
}

@Article{zhao2015nonplanar,
  Title                    = {Nonplanar periodic solutions for spatial restricted 3-body and 4-body problems},
  Author                   = {Zhao, Xiaoxiao and Zhang, Shiqing},
  Journal                  = {Boundary Value Problems},
  Year                     = {2015},
  Number                   = {1},
  Pages                    = {1--10},
  Volume                   = {2015},

  Publisher                = {Springer}
}

@Book{zhu2012analysis,
  Title                    = {Analysis on Fock Spaces},
  Author                   = {Zhu, K.},
  Publisher                = {Springer},
  Year                     = {2012},
  Series                   = {Graduate Texts in Mathematics},

  ISBN                     = {9781441988010},
  Owner                    = {fernando},
  Timestamp                = {2016.05.05}
}

