%% This BibTeX bibliography file was created using BibDesk.
%% http://bibdesk.sourceforge.net/


%% Created for Sonia  Acinas at 2014-05-18 21:24:31 -0300 


%% Saved with string encoding Unicode (UTF-8) 


@preamble{"\def\cprime{$'$} "}



@article{cite-key,
	Date-Added = {2014-05-18 19:13:12 -0300},
	Date-Modified = {2014-05-18 19:13:12 -0300}}



A==================================================================

@book{A,
	Address = {New York},
	Author = {Arnol{\cprime}d, V.I.},
	Edition = {Second},
	Isbn = {0-387-96890-3},
	Mrclass = {58Fxx (70-02 70H05)},
	Mrnumber = {997295 (90c:58046)},
	Note = {Translated from the Russian by K. Vogtmann and A. Weinstein},
	Pages = {xvi+508},
	Publisher = {Springer-Verlag},
	Series = {Graduate Texts in Mathematics},
	Title = {Mathematical methods of classical mechanics},
	Volume = {60},
	Year = {1989}}


@book{adams_sobolev,
	Author = {Adams, R.A. and Fournier, J.J.F.},
	Isbn = {9780080541297},
	Publisher = {Elsevier Science},
	Series = {Pure and Applied Mathematics},
	Title = {Sobolev Spaces},
	Url = {http://books.google.com.ar/books?id=R5A65Koh-EoC},
	Year = {2003},
	Bdsk-Url-1 = {http://books.google.com.ar/books?id=R5A65Koh-EoC}}


@mastersthesis{AF10,
	Author = {Acinas, S. and Favier, S.},
	Title = {Desigualdades {M}aximales para {O}peradores {S}ubaditivos y de {M}ejor {A}proximaci\'on en {E}spacios de {O}rlicz.},
	School = {Universidad Nacional de San Luis},
	Address={San Luis, Argentina },
	Year = {2010},}


@article {AF12,
    AUTHOR = {Acinas, S. and Favier, S.},
     TITLE = {Maximal inequalities in {O}rlicz spaces},
   JOURNAL = {Int. J. Math. Anal. (Ruse)},
  FJOURNAL = {International Journal of Mathematical Analysis},
    VOLUME = {6},
      YEAR = {2012},
    NUMBER = {41-44},
     PAGES = {2179--2198},
      ISSN = {1312-8876},
   MRCLASS = {42B25},
  MRNUMBER = {2946265},}



@phdthesis{AF14,
	Author = {Acinas, S. and Favier, S.},
	Title = {Desigualdades de {O}peradores en {E}spacios de {O}rlicz.},
	School = {Universidad Nacional de San Luis},
	Address={San Luis, Argentina },
	Year = {2014},}
	


@article{AFZ2015,
author = { Sonia   Acinas  and  Sergio   Favier  and  Felipe   ZÃ³ },
title = {Extended Best Polynomial Approximation Operator in Orlicz Spaces},
journal = {Numerical Functional Analysis and Optimization},
volume = {36},
number = {7},
pages = {817-829},
year = {2015},
doi = {10.1080/01630563.2015.1040161},
URL = { 
        http://dx.doi.org/10.1080/01630563.2015.1040161
},
eprint = { 
        http://dx.doi.org/10.1080/01630563.2015.1040161},  
}


@book{ambrosetti,
	Author = {Ambrosetti, A. and Prodi, G.},
	Isbn = {9780521485739},
	Lccn = {93233904},
	Publisher = {Cambridge University Press},
	Series = {Cambridge Studies in Advanced Mathematics},
	Title = {A Primer of Nonlinear Analysis},
	Url = {http://books.google.com.ar/books?id=dVSTUben3QoC},
	Year = {1995},
	Bdsk-Url-1 = {http://books.google.com.ar/books?id=dVSTUben3QoC},}

B=================================================================================


@book{B,
	Address = {New York},
	Author = {Betounes, D.},
	Doi = {10.1007/978-1-4419-1163-6},
	Edition = {Second},
	Isbn = {978-1-4419-1162-9},
	Mrclass = {34-01 (37-01 68W30 70-01)},
	Mrnumber = {2571569 (2010k:34001)},
	Pages = {xiv+626},
	Publisher = {Springer},
	Title = {Differential equations: theory and applications.},
	Url = {http://dx.doi.org/10.1007/978-1-4419-1163-6},
	Year = {2010},
	Bdsk-Url-1 = {http://dx.doi.org/10.1007/978-1-4419-1163-6}}




@article {BJ70,
    AUTHOR = {Brunk, H.D. and Johansen, S.},
     TITLE = {A generalized {R}adon-{N}ikodym derivative},
   JOURNAL = {Pacific J. Math.},
  FJOURNAL = {Pacific Journal of Mathematics},
    VOLUME = {34},
      YEAR = {1970},
     PAGES = {585--617},
      ISSN = {0030-8730},
   MRCLASS = {28.16 (60.00)},
  MRNUMBER = {0267066 (42 \#1968)},
MRREVIEWER = {T. A. Botts},}


@article {Boy67,
    AUTHOR = {Boyd, D.W.},
     TITLE = {Spaces between a pair of reflexive {L}ebesgue spaces},
   JOURNAL = {Proc. Amer. Math. Soc.},
  FJOURNAL = {Proceedings of the American Mathematical Society},
    VOLUME = {18},
      YEAR = {1967},
     PAGES = {215--219},
      ISSN = {0002-9939},
   MRCLASS = {46.35},
  MRNUMBER = {0212556 (35 \#3427)},
MRREVIEWER = {C. Goulaouic},}



@article {Boy69,
    AUTHOR = {Boyd, D.W.},
     TITLE = {Indices of function spaces and their relationship to
              interpolation},
   JOURNAL = {Canad. J. Math.},
  FJOURNAL = {Canadian Journal of Mathematics. Journal Canadien de
              Math\'ematiques},
    VOLUME = {21},
      YEAR = {1969},
     PAGES = {1245--1254},
      ISSN = {0008-414X},
   MRCLASS = {46E30 (46M35)},
  MRNUMBER = {0412788 (54 \#909)},}


@article {Boy71,
    AUTHOR = {Boyd, D.W.},
     TITLE = {Indices for the {O}rlicz spaces},
   JOURNAL = {Pacific J. Math.},
  FJOURNAL = {Pacific Journal of Mathematics},
    VOLUME = {38},
      YEAR = {1971},
     PAGES = {315--323},
      ISSN = {0030-8730},
   MRCLASS = {46E30},
  MRNUMBER = {0306887 (46 \#6008)},
MRREVIEWER = {A. C. Zaanen},}



@book {BS88,
    AUTHOR = {Bennett, C. and Sharpley, R.},
     TITLE = {Interpolation of operators},
    SERIES = {Pure and Applied Mathematics},
    VOLUME = {129},
 PUBLISHER = {Academic Press, Inc., Boston, MA},
      YEAR = {1988},
     PAGES = {xiv+469},
      ISBN = {0-12-088730-4},
   MRCLASS = {46-02 (46E30 46Exx 46M35)},
  MRNUMBER = {928802 (89e:46001)},
MRREVIEWER = {Mario Milman},}


C===========================================================================================


@book{calogero2008isochronous,
	Address = {Oxford},
	Author = {Calogero, F.},
	Doi = {10.1093/acprof:oso/9780199535286.001.0001},
	Isbn = {978-0-19-953528-6},
	Mrclass = {37J05 (34C05 34C25 34M99 35Q55 37K10 70H12)},
	Mrnumber = {2383111 (2009h:37114)},
	Mrreviewer = {Cristina Stoica},
	Pages = {x+250},
	Publisher = {Oxford University Press},
	Title = {Isochronous systems.},
	Url = {http://dx.doi.org/10.1093/acprof:oso/9780199535286.001.0001},
	Year = {2008},
	Bdsk-Url-1 = {http://dx.doi.org/10.1093/acprof:oso/9780199535286.001.0001}}


@article {CDR,
    AUTHOR = {Chui, C.K. and Diamond, H. and Raphael, L.A.},
     TITLE = {On best data approximation},
   JOURNAL = {Approx. Theory Appl.},
  FJOURNAL = {Approximation Theory and its Applications},
    VOLUME = {1},
      YEAR = {1984},
    NUMBER = {1},
     PAGES = {37--56},
      ISSN = {1000-9221},
   MRCLASS = {41A05 (41A65 65D10 65D15)},
  MRNUMBER = {816591 (87j:41006)},
MRREVIEWER = {T. J. Rivlin},}
		

@article {CSS75,
    AUTHOR = {Chui,  C.K. and Shisha, O. and Smith, P.W.},
     TITLE = {Best local approximation},
   JOURNAL = {J. Approximation Theory},
  FJOURNAL = {Journal of Approximation Theory},
    VOLUME = {15},
      YEAR = {1975},
    NUMBER = {4},
     PAGES = {371--381},
      ISSN = {0021-9045},
   MRCLASS = {41A50},
  MRNUMBER = {0433101 (55 \#6080)},
MRREVIEWER = {James Lewis},}

@article {CFZ08,
    AUTHOR = {Carrizo, I. and  Favier, S. and Z{\'o}, F.},
     TITLE = {Extension of the best approximation operator in {O}rlicz
              spaces},
   JOURNAL = {Abstr. Appl. Anal.},
  FJOURNAL = {Abstract and Applied Analysis},
      YEAR = {2008},
     PAGES = {Art. ID 374742, 15},
      ISSN = {1085-3375},
   MRCLASS = {41A50 (46E30 47B38)},
  MRNUMBER = {2393120 (2009e:41060)},
       DOI = {10.1155/2008/374742},
       URL = {http://dx.doi.org/10.1155/2008/374742},}
	

@book {Che98,
    AUTHOR = {Cheney, E.W.},
     TITLE = {Introduction to approximation theory},
      PUBLISHER = {AMS Chelsea Publishing, Providence, RI},
      YEAR = {1998},
     PAGES = {xii+259},
      ISBN = {0-8218-1374-9},
   MRCLASS = {41-01 (41-02)},
  MRNUMBER = {1656150 (99f:41001)},}


@article{cianchi99,
	Author = {Cianchi, A.},
	Journal = {Nonlinear analysis, function spaces and applications},
	Pages = {50--92},
	Publisher = {Czech Academy of Sciences, Mathematical Institute},
	Title = {Some results in the theory of {O}rlicz spaces and applications to variational problems},
	Volume = {6},
	Year = {1999}}	


@article{cianchi2000,
	Author = {Cianchi, A.},
	Journal = {Pacific J. Math},
	Number = {2},
	Pages = {283--295},
	Publisher = {Citeseer},
	Title = {A fully anisotropic {S}obolev inequality},
	Volume = {196},
	Year = {2000}}


@online{claverooptimal,
	Author = {Clavero, N.},
	Title = {Optimal {S}obolev embeddings and {F}unction {S}paces},
	Url = {http://www.maia.ub.edu/~soria/sobolev1.pdf},
	Year = {2011},
	Bdsk-Url-1 = {http://www.maia.ub.edu/~soria/sobolev1.pdf}}


@article {CK10,
    AUTHOR = {Ciesielski, M. and Kami{\'n}ska, A.},
     TITLE = {The best constant approximant operators in {L}orentz spaces
              {$\Gamma_{p,w}$} and their applications},
   JOURNAL = {J. Approx. Theory},
  FJOURNAL = {Journal of Approximation Theory},
    VOLUME = {162},
      YEAR = {2010},
    NUMBER = {9},
     PAGES = {1518--1544},
      ISSN = {0021-9045},
     CODEN = {JAXTAZ},
   MRCLASS = {41A50 (46E30)},
  MRNUMBER = {2718884 (2011h:41030)},
MRREVIEWER = {Fabi{\'a}n E. Levis},
       DOI = {10.1016/j.jat.2010.04.002},
       URL = {http://dx.doi.org/10.1016/j.jat.2010.04.002},}


@article {Cue11,
    AUTHOR = {Cuenya, H.},
     TITLE = {Extension of the operator of best polynomial approximation in
              {$L^p(\Omega)$}},
   JOURNAL = {J. Math. Anal. Appl.},
  FJOURNAL = {Journal of Mathematical Analysis and Applications},
    VOLUME = {376},
      YEAR = {2011},
    NUMBER = {2},
     PAGES = {565--575},
      ISSN = {0022-247X},
     CODEN = {JMANAK},
   MRCLASS = {41A50 (41A45 46E30)},
  MRNUMBER = {2747780 (2011m:41048)},
MRREVIEWER = {D. Leviatan},
       DOI = {10.1016/j.jmaa.2010.10.037},
       URL = {http://dx.doi.org/10.1016/j.jmaa.2010.10.037},}
	

@article {CFZ12,
    AUTHOR = {Cuenya, H. and  Favier, S. and Z{\'o}, F.},
     TITLE = {Inequalities in ${L}^{p-1}$ for the extended ${L}^p$ best approximation operator.},
		JOURNAL = {J. Math. Anal. Appl.},
  FJOURNAL = {Journal of Mathematical Analysis and Applications},
    VOLUME = {393},
      YEAR = {2012},
    PAGES = {80--88},  }


@article {CUF07,
    AUTHOR = {Cruz-Uribe, D. and Fiorenza, A.},
     TITLE = {Approximate identities in variable {$L^p$} spaces},
   JOURNAL = {Math. Nachr.},
  FJOURNAL = {Mathematische Nachrichten},
    VOLUME = {280},
      YEAR = {2007},
    NUMBER = {3},
     PAGES = {256--270},
      ISSN = {0025-584X},
   MRCLASS = {42B25 (42B35 46E30)},
  MRNUMBER = {2292148 (2008h:42028)},
       DOI = {10.1002/mana.200410479},
       URL = {http://dx.doi.org/10.1002/mana.200410479},}


@article {CZ61,
    AUTHOR = {Calder{\'o}n, A.P. and Zygmund, A.},
     TITLE = {Local properties of solutions of elliptic partial differential
              equations},
   JOURNAL = {Studia Math.},
  FJOURNAL = {Polska Akademia Nauk. Instytut Matematyczny. Studia
              Mathematica},
    VOLUME = {20},
      YEAR = {1961},
     PAGES = {171--225},
      ISSN = {0039-3223},
   MRCLASS = {35.43},
  MRNUMBER = {0136849 (25 \#310)},
MRREVIEWER = {L. Cesari},}



D=======================================================================

@article{PEM,
	Author = {del Pino, M. and Elgueta, M.  and Man{\'a}sevich, R.},
	Coden = {JDEQAK},
	Doi = {10.1016/0022-0396(89)90093-4},
	Fjournal = {Journal of Differential Equations},
	Issn = {0022-0396},
	Journal = {J. Differential Equations},
	Mrclass = {34B15 (47H11 47H15 58C30)},
	Mrnumber = {1003248 (91i:34018)},
	Mrreviewer = {J. Dane{\v{s}}},
	Number = {1},
	Pages = {1--13},
	Title = {A homotopic deformation along {$p$} of a {L}eray-{S}chauder degree result and existence for {$(\vert u'\vert ^{p-2}u')'+f(t,u)=0,\;u(0)=u(T)=0,\;p>1$}},
	Url = {http://dx.doi.org/10.1016/0022-0396(89)90093-4},
	Volume = {80},
	Year = {1989},
	Bdsk-Url-1 = {http://dx.doi.org/10.1016/0022-0396(89)90093-4}},


@article{DG2001,
Author={ Desch, W. and  Grimmer, R.},
Title={On the well-posedness of constitutive laws involving dissipation potentials.},
Journal={Trans. Amer. Math. Soc},
Number={ 353}, 
Year={2001},
Pages={ 5095--5120},}
 



@article{DAB,
	Author = {Dragomir, S.S. and Agarwal, R.P. and Barnett, N.S.},
	Coden = {JIAPF3},
	Doi = {10.1155/S1025583400000084},
	Fjournal = {Journal of Inequalities and Applications},
	Issn = {1025-5834},
	Journal = {J. Inequal. Appl.},
	Mrclass = {26D07 (33B15)},
	Mrnumber = {1753533 (2000m:26012)},
	Number = {2},
	Pages = {103--165},
	Title = {Inequalities for beta and gamma functions via some classical and new integral inequalities},
	Url = {http://dx.doi.org/10.1155/S1025583400000084},
	Volume = {5},
	Year = {2000},
	Bdsk-Url-1 = {http://dx.doi.org/10.1155/S1025583400000084}}

@book {dG75,
    AUTHOR = {de Guzm{\'a}n, M.},
     TITLE = {Differentiation of integrals in {$R^{n}$}},
    SERIES = {Lecture Notes in Mathematics},
    VOLUME= {481},
      NOTE = {With appendices by Antonio C{\'o}rdoba, and Robert Fefferman,
              and two by Roberto Moriy{\'o}n},
 PUBLISHER = {Springer-Verlag, Berlin-New York},
      YEAR = {1975},
     PAGES = {xii+266},
   MRCLASS = {28A15},
  MRNUMBER = {0457661 (56 \#15866)},
MRREVIEWER = {Calixto P. Calderon},}
		

E=========================================================================

@article{edmunds2000optimal,
	Author = {Edmunds, D.E. and Kerman, R. and Pick, L.},
	Journal = {Journal of Functional Analysis},
	Number = {2},
	Pages = {307--355},
	Publisher = {Elsevier},
	Title = {Optimal {S}obolev imbeddings involving rearrangement-invariant quasinorms},
	Volume = {170},
	Year = {2000}}



F=========================================================================



@article {FA14,
    AUTHOR = {Favier, S. and Acinas, S.},
     TITLE = {Inequalities for one-sided operators in {O}rlicz spaces},
   JOURNAL = {Actas del XII Congreso Dr. Antonio A. R. Monteiro (2013)},
  FJOURNAL = {Actas del XII Congreso Dr. Antonio A. R. Monteiro (2013)},
   VOLUME = {12},
      YEAR = {2014},   
    PAGES = {149--161},
      ISSN = {0327-9170},
    },





@article {FK97,
    AUTHOR = {Fiorenza, A. and Krbec, M.},
     TITLE = {Indices of {O}rlicz spaces and some applications},
   JOURNAL = {Comment. Math. Univ. Carolin.},
  FJOURNAL = {Commentationes Mathematicae Universitatis Carolinae},
    VOLUME = {38},
      YEAR = {1997},
    NUMBER = {3},
     PAGES = {433--451},
      ISSN = {0010-2628},
     CODEN = {CMUCAA},
   MRCLASS = {46E30 (26A12 42B20)},
  MRNUMBER = {1485066 (99b:46032)},
MRREVIEWER = {Ha Huy Bang},}


@book {FZ96,
	AUTHOR = {Fava, N. and Z\'o, F.},
	 PAGES = {x+305},
	PUBLISHER = {Red Ol\'{i}mpica},
  	SERIES = {Textos Universitarios},
     	TITLE = {Medida e Integral de Lebesgue},
     	VOLUME={1},
      	YEAR = {1996}}


@book{fonseca2007modern,
	Author = {Fonseca, I. and Leoni, G.},
	Isbn = {9780387690063},
	Lccn = {2007931775},
	Publisher = {Springer},
	Series = {Springer Monographs in Mathematics},
	Title = {Modern Methods in the Calculus of Variations: L\^{}p Spaces},
	Url = {http://books.google.com.ar/books?id=z-uLxBRPWxgC},
	Year = {2007},
	Bdsk-Url-1 = {http://books.google.com.ar/books?id=z-uLxBRPWxgC}}


@article {FZ01,
    AUTHOR = {Favier, S. and Z{\'o}, F.},
     TITLE = {Extension of the best approximation operator in {O}rlicz
              spaces and weak-type inequalities},
   JOURNAL = {Abstr. Appl. Anal.},
  FJOURNAL = {Abstract and Applied Analysis},
    VOLUME = {6},
      YEAR = {2001},
    NUMBER = {2},
     PAGES = {101--114},
      ISSN = {1085-3375},
   MRCLASS = {41A65 (41A50 46E30)},
  MRNUMBER = {1858752 (2002j:41033)},
MRREVIEWER = {Les{\l}aw Skrzypek},
       DOI = {10.1155/S1085337501000446},
       URL = {http://dx.doi.org/10.1155/S1085337501000446},}


@article {FZ05,
    AUTHOR = {Favier, S. and Z{\'o}, F.},
     TITLE = {A {L}ebesgue type differentiation theorem for best
              approximations by constants in {O}rlicz spaces},
   JOURNAL = {Real Anal. Exchange},
  FJOURNAL = {Real Analysis Exchange},
    VOLUME = {30},
      YEAR = {2004-2005},
    NUMBER = {1},
     PAGES = {29--41},
      ISSN = {0147-1937},
   MRCLASS = {41A50 (46E30)},
  MRNUMBER = {2126792 (2005m:41057)},
MRREVIEWER = {W. W. Breckner},
       URL = {http://projecteuclid.org/euclid.rae/1122482114},}


@article {FZ11,
    AUTHOR = {Favier, S. and Z{\'o}, F.},
     TITLE = {Maximal inequalities for a best approximation operator in
              {O}rlicz spaces},
   JOURNAL = {Comment. Math.},
  FJOURNAL = {Commentationes Mathematicae. Annals of the Polish Mathematical
              Society. Series I},
    VOLUME = {51},
      YEAR = {2011},
    NUMBER = {1},
     PAGES = {3--21},
      ISSN = {0373-8299},
   MRCLASS = {41A50 (41A63 42B25 46E30)},
  MRNUMBER = {2768735 (2012h:41038)},
MRREVIEWER = {W. W. Breckner},}



G==========================================================================


@article{GHMZ,
	Author = {Garc{\'{\i}}a-Huidobro, M. and  Man{\'a}sevich, R. and Zanolin, F.},
	Coden = {JDEQAK},
	Doi = {10.1006/jdeq.1994.1144},
	Fjournal = {Journal of Differential Equations},
	Issn = {0022-0396},
	Journal = {J. Differential Equations},
	Mrclass = {34B15 (47H15)},
	Mrnumber = {1302138 (95k:34033)},
	Mrreviewer = {Norman Dancer},
	Number = {1},
	Pages = {132--167},
	Title = {A {F}redholm-like result for strongly nonlinear second order {ODE}s},
	Url = {http://dx.doi.org/10.1006/jdeq.1994.1144},
	Volume = {114},
	Year = {1994},
	Bdsk-Url-1 = {http://dx.doi.org/10.1006/jdeq.1994.1144}}


@article{GHMS,
	Author = {Garcia-Huidobro, M. and Man{\'a}sevich, R. and Schmitt, K.},
	Coden = {JDEQAK},
	Doi = {10.1006/jdeq.1996.0140},
	Fjournal = {Journal of Differential Equations},
	Issn = {0022-0396},
	Journal = {J. Differential Equations},
	Mrclass = {35J65 (35P30)},
	Mrnumber = {1409031 (97f:35068)},
	Mrreviewer = {Zuchi Chen},
	Number = {1},
	Pages = {235--246},
	Title = {On principal eigenvalues of {$p$}-{L}aplacian-like operators},
	Url = {http://dx.doi.org/10.1006/jdeq.1996.0140},
	Volume = {130},
	Year = {1996},
	Bdsk-Url-1 = {http://dx.doi.org/10.1006/jdeq.1996.0140}}


@article{GP77,
	Author = {Gustavsson, J. and Peetre, J.},
	Journal = {Studia Mathematica},
	Language = {eng},
	Number = {1},
	Pages = {33-59},
	Publisher = {Institute of Mathematics Polish Academy of Sciences},
	Title = {Interpolation of {O}rlicz spaces},
	Url = {http://eudml.org/doc/218150},
	Volume = {60},
	Year = {1977},
	Bdsk-Url-1 = {http://eudml.org/doc/218150}}


H========================================================================

@article{HM,
	Author = {Huentutripay, J. and Man{\'a}sevich, R.},
	Coden = {JDDEEH},
	Doi = {10.1007/s10884-006-9049-7},
	Fjournal = {Journal of Dynamics and Differential Equations.},
	Issn = {1040-7294},
	Journal = {J. Dynam. Differential Equations},
	Mrclass = {35J55 (35J60 35P30 47J30)},
	Mrnumber = {2263407 (2007f:35065)},
	Number = {4},
	Pages = {901--929},
	Title = {Nonlinear eigenvalues for a quasilinear elliptic system in {O}rlicz-{S}obolev spaces},
	Url = {http://dx.doi.org/10.1007/s10884-006-9049-7},
	Volume = {18},
	Year = {2006},
	Bdsk-Url-1 = {http://dx.doi.org/10.1007/s10884-006-9049-7}}


@article {HR92,
    AUTHOR = {Hern{\'a}ndez, F.L. and Ruiz, C.},
     TITLE = {Universal classes of {O}rlicz function spaces},
   JOURNAL = {Pacific J. Math.},
  FJOURNAL = {Pacific Journal of Mathematics},
    VOLUME = {155},
      YEAR = {1992},
    NUMBER = {1},
     PAGES = {87--98},
      ISSN = {0030-8730},
     CODEN = {PJMAAI},
   MRCLASS = {46E30},
  MRNUMBER = {1174477 (93i:46051)},
MRREVIEWER = {Cong Xin Wu},
       URL = {http://projecteuclid.org/euclid.pjm/1102635469},}



@book {HS75,
    AUTHOR = {Hewitt, E. and Stromberg, K.},
     TITLE = {Real and abstract analysis - {A} modern treatment of the theory of functions of a real
              variable},
              SERIES={ Graduate Texts in Mathematics},
	VOLUME={ 25},
	 PUBLISHER = {Springer-Verlag, New York-Heidelberg},
      YEAR = {1975},
     PAGES = {x+476},
   MRCLASS = {26-02 (28-02 46-02)},
  MRNUMBER = {0367121 (51 \#3363)},}
NOTE={Third printing}



K==================================================================


@article {Kar96,
    AUTHOR = {Karlovich, A.Y.},
     TITLE = {Algebras of singular integral operators with piecewise
              continuous coefficients on reflexive {O}rlicz spaces},
   JOURNAL = {Math. Nachr.},
  FJOURNAL = {Mathematische Nachrichten},
    VOLUME = {179},
      YEAR = {1996},
     PAGES = {187--222},
      ISSN = {0025-584X},
     CODEN = {MTMNAQ},
   MRCLASS = {47B35 (46E30 47G10)},
  MRNUMBER = {1389457 (97b:47020)},
MRREVIEWER = {Naum Ya. Krupnik},
       DOI = {10.1002/mana.19961790112},
       URL = {http://dx.doi.org/10.1002/mana.19961790112},}
		


@inproceedings{kerman2006optimal,
	Author = {Kerman, R. and Pick, L.},
	Booktitle = {Forum Mathematicum},
	Pages = {535--570},
	Title = {Optimal Sobolev imbeddings},
	Volume = {18},
	Year = {2006}}


@article {KPP14,
    AUTHOR = {Kerman, R. and Phipps, C. and Pick, L.},
     TITLE = {Marcinkiewicz interpolation theorems for {O}rlicz and
              {L}orentz gamma spaces},
   JOURNAL = {Publ. Mat.},
  FJOURNAL = {Publicacions Matem\`atiques},
    VOLUME = {58},
      YEAR = {2014},
    NUMBER = {1},
     PAGES = {3--30},
      ISSN = {0214-1493},
   MRCLASS = {42A10 (42B20)},
  MRNUMBER = {3161506},
       URL = {http://projecteuclid.org/euclid.pm/1387570388},}


@book {KK91,
    AUTHOR = {Kokilashvili, V. and Krbec, M.},
     TITLE = {Weighted inequalities in {L}orentz and {O}rlicz spaces},
 PUBLISHER = {World Scientific Publishing Co., Inc., River Edge, NJ},
      YEAR = {1991},
     PAGES = {xii+233},
      ISBN = {981-02-0612-7},
   MRCLASS = {42B25 (26D10 42B10 46E30 47B38 47G10)},
  MRNUMBER = {1156767 (93g:42013)},
MRREVIEWER = {Vladimir D. Stepanov},
       DOI = {10.1142/9789814360302},
       URL = {http://dx.doi.org/10.1142/9789814360302}}



@book{KR61,
	Address = {Groningen},
	Author = {Krasnosel{\cprime}ski{\u\i}, M.A. and Ruticki{\u\i}, Ja.B.},
	Mrclass = {46.35},
	Mrnumber = {0126722 (23 \#A4016)},
	Pages = {xi+249},
	Publisher = {P. Noordhoff Ltd.},
	Note= {Translated from the first Russian edition by Leo F. Boron},
	Title = {Convex functions and {O}rlicz spaces},
	Year = {1961}}


L=========================================================================


@article {Lev10,
    AUTHOR = {Levis, F.E.},
     TITLE = {Weak inequalities for maximal functions in {O}rlicz-{L}orentz
              spaces and applications},
   JOURNAL = {J. Approx. Theory},
  FJOURNAL = {Journal of Approximation Theory},
    VOLUME = {162},
      YEAR = {2010},
    NUMBER = {2},
     PAGES = {239--251},
      ISSN = {0021-9045},
     CODEN = {JAXTAZ},
   MRCLASS = {26D10 (28A20 46E15)},
  MRNUMBER = {2581380 (2011c:26035)},
MRREVIEWER = {Alexander S. Kochurov},
       DOI = {10.1016/j.jat.2009.04.005},
       URL = {http://dx.doi.org/10.1016/j.jat.2009.04.005},}


@article {Lis05,
    AUTHOR = {Liskowski, M.},
     TITLE = {Approximation by functions in {$C^\infty_0(\Omega)$} in
              {O}rlicz-{S}obolev spaces},
   JOURNAL = {Fasc. Math.},
  FJOURNAL = {Polytechnica Posnaniensis. Institutum Mathematicum. Fasciculi
              Mathematici},
    NUMBER = {36},
      YEAR = {2005},
     PAGES = {73--82},
      ISSN = {0044-4413},
     CODEN = {FMPMDH},
   MRCLASS = {41A30 (42B35 46E35)},
  MRNUMBER = {2223644 (2006m:41027)},
MRREVIEWER = {H{\'e}ctor Hugo Cuenya},}


@article {LR81,
    AUTHOR = {Landers, D. and Rogge, L.},
     TITLE = {Isotonic approximation in {$L_{s}$}},
   JOURNAL = {J. Approx. Theory},
  FJOURNAL = {Journal of Approximation Theory},
    VOLUME = {31},
      YEAR = {1981},
    NUMBER = {3},
     PAGES = {199--223},
      ISSN = {0021-9045},
     CODEN = {JAXTAZ},
   MRCLASS = {60F25},
  MRNUMBER = {624009 (82j:60055)},
MRREVIEWER = {D. Ramachandran},
       DOI = {10.1016/0021-9045(81)90091-5},
       URL = {http://dx.doi.org/10.1016/0021-9045(81)90091-5}}


@article {LR80,
    AUTHOR = {Landers, D. and Rogge, L.},
     TITLE = {Best approximants in {$L_{\Phi }$}-spaces},
   JOURNAL = {Z. Wahrsch. Verw. Gebiete},
  FJOURNAL = {Zeitschrift f\"ur Wahrscheinlichkeitstheorie und Verwandte
              Gebiete},
    VOLUME = {51},
      YEAR = {1980},
    NUMBER = {2},
     PAGES = {215--237},
      ISSN = {0044-3719},
   MRCLASS = {41A30 (62M20)},
  MRNUMBER = {566317 (81c:41042)},
MRREVIEWER = {M. M. Rao},
       DOI = {10.1007/BF00536190},
       URL = {http://dx.doi.org/10.1007/BF00536190}}


@book {LT77,
    AUTHOR = {Lindenstrauss, J. and Tzafriri, L.},
     TITLE = {Classical {B}anach spaces {I}},
      SERIES={ Ergebnisse der Mathematik und ihrer Grenzgebiete [Results in
              Mathematics and Related Areas]},
VOLUME={ 92},
 PUBLISHER = {Springer-Verlag, Berlin-New York},
      YEAR = {1977},
     PAGES = {xiii+188},
      ISBN = {3-540-08072-4},
   MRCLASS = {46-02 (46A45 46BXX)},
  MRNUMBER = {0500056 (58 \#17766)},
MRREVIEWER = {S. V. Kisljakov},}
		

@book {LT79,
    AUTHOR = {Lindenstrauss, J. and Tzafriri, L.},
     TITLE = {Classical {B}anach spaces {II}},
    SERIES = {Ergebnisse der Mathematik und ihrer Grenzgebiete [Results in
              Mathematics and Related Areas]},
    VOLUME = {97},
       PUBLISHER = {Springer-Verlag, Berlin-New York},
      YEAR = {1979},
     PAGES = {x+243},
      ISBN = {3-540-08888-1},
   MRCLASS = {46-02 (46B30 46E30 46M05)},
  MRNUMBER = {540367 (81c:46001)},
MRREVIEWER = {A. C. Zaanen},}


@article {LT89,
    AUTHOR = {Legg, David A. and Townsend, D.W.},
     TITLE = {Sets of best {$L_1$}-approximants},
   JOURNAL = {J. Approx. Theory},
  FJOURNAL = {Journal of Approximation Theory},
    VOLUME = {59},
      YEAR = {1989},
    NUMBER = {3},
     PAGES = {316--320},
      ISSN = {0021-9045},
     CODEN = {JAXTAZ},
   MRCLASS = {41A50},
  MRNUMBER = {1027961 (91g:41034)},
       DOI = {10.1016/0021-9045(89)90097-X},
       URL = {http://dx.doi.org/10.1016/0021-9045(89)90097-X},}


M===========================================================================


@book{Mal89,
	Author = {Maligranda, L.},
	Mrclass = {46E30 (46-01 46B70 46M35)},
	Mrnumber = {2264389 (2007e:46025)},
	Pages = {iii+206},
	Publisher = {Universidade Estadual de Campinas, Departamento de Matem\'atica, Campinas},
	Series = {Semin\'arios de Matem\'atica [Seminars in Mathematics]},
	Title = {Orlicz spaces and interpolation},
	Volume = {5},
	Year = {1989}}


@article{MaMa,
	Author = {Man{\'a}sevich, R. and Mawhin, J.},
	Coden = {JDEQAK},
	Doi = {10.1006/jdeq.1998.3425},
	Fjournal = {Journal of Differential Equations},
	Issn = {0022-0396},
	Journal = {J. Differential Equations},
	Mrclass = {34B15 (34C25 47H15)},
	Mrnumber = {1621038 (99c:34034)},
	Mrreviewer = {Pedro Mart{\'{\i}}nez-Amores},
	Number = {2},
	Pages = {367--393},
	Title = {Periodic solutions for nonlinear systems with {$p$}-{L}aplacian-like operators},
	Url = {http://dx.doi.org/10.1006/jdeq.1998.3425},
	Volume = {145},
	Year = {1998},
	Bdsk-Url-1 = {http://dx.doi.org/10.1006/jdeq.1998.3425}}


@article{ManaZano,
	Author = {Man{\'a}sevich, R. and Zanolin, F.},
	Coden = {NOANDD},
	Doi = {10.1016/0362-546X(93)90020-S},
	Fjournal = {Nonlinear Analysis. Theory, Methods \& Applications. An International Multidisciplinary Journal. Series A: Theory and Methods},
	Issn = {0362-546X},
	Journal = {Nonlinear Anal.},
	Mrclass = {34B15 (47H15 47N20)},
	Mrnumber = {1237587 (94f:34052)},
	Mrreviewer = {Maria Patrizia Pera},
	Number = {4},
	Pages = {269--291},
	Title = {Time-mappings and multiplicity of solutions for the one-dimensional {$p$}-{L}aplacian},
	Url = {http://dx.doi.org/10.1016/0362-546X(93)90020-S},
	Volume = {21},
	Year = {1993},
	Bdsk-Url-1 = {http://dx.doi.org/10.1016/0362-546X(93)90020-S}}


@book{mawhin2010critical,
	Author = {Mawhin, J. and Willem, M.},
	Isbn = {9781441930897},
	Publisher = {Springer},
	Series = {Applied Mathematical Sciences},
	Title = {Critical Point Theory and Hamiltonian Systems},
	Url = {http://books.google.com.ar/books?id=wFGmcQAACAAJ},
	Year = {2010},
	Bdsk-Url-1 = {http://books.google.com.ar/books?id=wFGmcQAACAAJ}}


@article {MC01a,
    AUTHOR = {Mazzone, F. and Cuenya, H.},
     TITLE = {Maximal inequalities and {L}ebesgue's differentiation theorem
              for best approximant by constant over balls},
   JOURNAL = {J. Approx. Theory},
  FJOURNAL = {Journal of Approximation Theory},
    VOLUME = {110},
      YEAR = {2001},
    NUMBER = {2},
     PAGES = {171--179},
      ISSN = {0021-9045},
     CODEN = {JAXTAZ},
   MRCLASS = {41A50},
  MRNUMBER = {1830535 (2002c:41041)},
MRREVIEWER = {Chengmin Yang},
       DOI = {10.1006/jath.2001.3559},
       URL = {http://dx.doi.org/10.1006/jath.2001.3559},}


@article {MC01b,
    AUTHOR = {Mazzone, F. and Cuenya, H.},
     TITLE = {On best local approximants in {$L_2({\Bbb R}^n)$}},
   JOURNAL = {Rev. Un. Mat. Argentina},
  FJOURNAL = {Revista de la Uni\'on Matem\'atica Argentina},
    VOLUME = {42},
      YEAR = {2001},
    NUMBER = {2},
     PAGES = {51--56 (2002)},
      ISSN = {0041-6932},
     CODEN = {RMAFAG},
   MRCLASS = {41A50},
  MRNUMBER = {1969622 (2004c:41058)},}


@article {MC02,
    AUTHOR = {Mazzone, F. and Cuenya, H.},
     TITLE = {Isotonic approximation in {$L_1$}},
   JOURNAL = {J. Approx. Theory},
  FJOURNAL = {Journal of Approximation Theory},
    VOLUME = {117},
      YEAR = {2002},
    NUMBER = {2},
     PAGES = {279--300},
      ISSN = {0021-9045},
     CODEN = {JAXTAZ},
   MRCLASS = {41A50 (41A65)},
  MRNUMBER = {1924654 (2003f:41046)},
MRREVIEWER = {Grzegorz Lewicki},
       DOI = {10.1006/jath.2002.3702},
       URL = {http://dx.doi.org/10.1006/jath.2002.3702},}
		

@article{MiMoRa,
	Author = {Mih{\u{a}}ilescu, M. and Moro{\c{s}}anu, G. and R{\u{a}}dulescu, V.},
	Coden = {NOANDD},
	Doi = {10.1016/j.na.2010.07.004},
	Fjournal = {Nonlinear Analysis. Theory, Methods \& Applications. An International Multidisciplinary Journal. Series A: Theory and Methods},
	Issn = {0362-546X},
	Journal = {Nonlinear Anal.},
	Mrclass = {35J70 (35P05 46N20 47J30)},
	Mrnumber = {2680018 (2011g:35130)},
	Number = {10},
	Pages = {3239--3253},
	Title = {Eigenvalue problems for anisotropic elliptic equations: an {O}rlicz-{S}obolev space setting},
	Url = {http://dx.doi.org/10.1016/j.na.2010.07.004},
	Volume = {73},
	Year = {2010},
	Bdsk-Url-1 = {http://dx.doi.org/10.1016/j.na.2010.07.004}}


@article{MiRa,
	Author = {Mih{\u{a}}ilescu, M. and R{\u{a}}dulescu, V.},
	Coden = {MTSCAN},
	Fjournal = {Mathematica Scandinavica},
	Issn = {0025-5521},
	Journal = {Math. Scand.},
	Mrclass = {35J60 (35J25 35P05 47F05 49R05)},
	Mrnumber = {2498377 (2010b:35135)},
	Mrreviewer = {Stephen B. Robinson},
	Number = {1},
	Pages = {132--146},
	Title = {A continuous spectrum for nonhomogeneous differential operators in {O}rlicz-{S}obolev spaces},
	Volume = {104},
	Year = {2009}}


@article{MiRa2,
	Author = {Mih{\u{a}}ilescu, M. and R{\u{a}}dulescu, V.},
	Doi = {10.1142/S0219530508001067},
	Fjournal = {Analysis and Applications},
	Issn = {0219-5305},
	Journal = {Anal. Appl. (Singap.)},
	Mrclass = {35P30 (35J60 47J10 58E05)},
	Mrnumber = {2380887 (2008m:35258)},
	Mrreviewer = {Jes{\'u}s Hern{\'a}ndez},
	Number = {1},
	Pages = {83--98},
	Title = {Eigenvalue problems associated with nonhomogeneous differential operators in {O}rlicz-{S}obolev spaces},
	Url = {http://dx.doi.org/10.1142/S0219530508001067},
	Volume = {6},
	Year = {2008},
	Bdsk-Url-1 = {http://dx.doi.org/10.1142/S0219530508001067}}



@article{MiRaRe,
	Author = {Mih{\u{a}}ilescu, M. and R{\u{a}}dulescu, V. and Repov{\v{s}}, D.},
	Doi = {10.1016/j.matpur.2009.06.004},
	Fjournal = {Journal de Math\'ematiques Pures et Appliqu\'ees. Neuvi\`eme S\'erie},
	Issn = {0021-7824},
	Journal = {J. Math. Pures Appl. (9)},
	Mrclass = {35R30 (35J60 46E35 47J30 58E05)},
	Mrnumber = {2584738 (2011d:35519)},
	Mrreviewer = {Sergey G. Pyatkov},
	Number = {2},
	Pages = {132--148},
	Title = {On a non-homogeneous eigenvalue problem involving a potential: an {O}rlicz-{S}obolev space setting},
	Url = {http://dx.doi.org/10.1016/j.matpur.2009.06.004},
	Volume = {93},
	Year = {2010},
	Bdsk-Url-1 = {http://dx.doi.org/10.1016/j.matpur.2009.06.004}}


@article {MMO10,
    AUTHOR = {Maeda, F-Y.  and  Mizuta, Y.  and Ohno, T.},
     TITLE = {Approximate identities and {Y}oung type inequalities in
              variable {L}ebesgue-{O}rlicz spaces {$L^{p(\cdot)}(\log
              L)^{q(\cdot)}$}},
   JOURNAL = {Ann. Acad. Sci. Fenn. Math.},
  FJOURNAL = {Annales Academi\ae\ Scientiarum Fennic\ae . Mathematica},
    VOLUME = {35},
      YEAR = {2010},
    NUMBER = {2},
     PAGES = {405--420},
      ISSN = {1239-629X},
   MRCLASS = {46E30 (42B35)},
  MRNUMBER = {2731699 (2011k:46041)},
MRREVIEWER = {Alexandre Almeida},
       DOI = {10.5186/aasfm.2010.3526},
       URL = {http://dx.doi.org/10.5186/aasfm.2010.3526},}


@incollection {Mon95,
    AUTHOR = {Montgomery-Smith, Stephen J.},
     TITLE = {Boyd indices of {O}rlicz-{L}orentz spaces},
 BOOKTITLE = {Function spaces ({E}dwardsville, {IL}, 1994)},
    SERIES = {Lecture Notes in Pure and Appl. Math.},
    VOLUME = {172},
     PAGES = {321--334},
 PUBLISHER = {Dekker, New York},
      YEAR = {1995},
   MRCLASS = {46E30},
  MRNUMBER = {1352239 (96f:46053)},}


@article {MZ09,
    AUTHOR = {Mazzone, F.D.  and Z{\'o}, F.},
     TITLE = {On maximal inequalities arising in best approximation},
   JOURNAL = {JIPAM. J. Inequal. Pure Appl. Math.},
  FJOURNAL = {JIPAM. Journal of Inequalities in Pure and Applied
              Mathematics},
    VOLUME = {10},
      YEAR = {2009},
    NUMBER = {2},
     PAGES = {Article 58, 10},
      ISSN = {1443-5756},
   MRCLASS = {41A30 (41A17 41A63)},
  MRNUMBER = {2511951 (2010i:41019)},}


P===============================================================================

@book {Pin89,
    AUTHOR = {Pinkus, A.M.},
     TITLE = {On {$L{^1}$}-approximation},
    SERIES = {Cambridge Tracts in Mathematics},
    VOLUME = {93},
 PUBLISHER = {Cambridge University Press, Cambridge},
      YEAR = {1989},
     PAGES = {x+239},
      ISBN = {0-521-36650-X},
   MRCLASS = {41A50 (41-02 41A52 46B25)},
  MRNUMBER = {1020300 (90j:41046)},
MRREVIEWER = {D. E. Wulbert},}
		


R===============================================================================



@book {Ric64,
AUTHOR = {Rice, J.R.},
TITLE = {The approximation of functions},
VOLUME={{I}: {L}inear theory},
 PUBLISHER = {Addison-Wesley Publishing Co., Reading, Mass.-London},
 YEAR = {1964},
     PAGES = {xi+203},
   MRCLASS = {41.00},
  MRNUMBER = {0166520 (29 \#3795)},
MRREVIEWER = {T. J. Rivlin},}


@book{rockafellar2009variational,
	Author = {Rockafellar, R.T. and Wets, R.J.B.},
	Isbn = {9783642024313},
	Publisher = {Springer},
	Series = {Die Grundlehren der mathematischen Wissenschaften in Einzeldarstellungen},
	Title = {Variational Analysis.},
	Url = {http://books.google.es/books?id=JSREAAAAQBAJ},
	Year = {2009},
	Bdsk-Url-1 = {http://books.google.es/books?id=JSREAAAAQBAJ}}


@book{RR91,
	Author = {Rao, M.M. and Ren, Z.D.},
	Publisher = {M. Dekker},
	Title = {Theory of Orlicz spaces},
	Year = {1991}}





S================================================================================

@Article{Schap2005,
author="Schappacher, Gudrun",
title="A Notion of Orlicz Spaces for Vector Valued Functions",
journal="Applications of Mathematics",
year="2005",
volume="50",
number="4",
pages="355--386",
issn="1572-9109",
doi="10.1007/s10492-005-0028-9",
url="http://dx.doi.org/10.1007/s10492-005-0028-9"
}







@article{skaff1969,
author = "Skaff, M. S.",
fjournal = "Pacific Journal of Mathematics",
journal = "Pacific J. Math.",
number = "2",
pages = "413--430",
publisher = "Pacific Journal of Mathematics, A Non-profit Corporation",
title = "Vector valued Orlicz spaces. II.",
url = "http://projecteuclid.org/euclid.pjm/1102983463",
volume = "28",
year = "1969",
}


@article {Sim63,
    AUTHOR = {Simonenko, I.B.},
     TITLE = {Interpolation and extrapolation of linear operators in
              {O}rlicz spaces},
   JOURNAL = {Dokl. Akad. Nauk SSSR},
  FJOURNAL = {Doklady Akademii Nauk SSSR},
    VOLUME = {151},
      YEAR = {1963},
     PAGES = {1288--1291},
      ISSN = {0002-3264},
   MRCLASS = {47.25 (46.35)},
  MRNUMBER = {0152872 (27 \#2844)},
MRREVIEWER = {L. de Branges},}		


@book {Sin70,
    AUTHOR = {Singer, I.},
     TITLE = {Best approximation in normed linear spaces by elements of
              linear subspaces},
    SERIES = { Die
              Grundlehren der mathematischen Wissenschaften},
VOLUME={171},
 PUBLISHER = {Publishing House of the Academy of the Socialist Republic of
              Romania, Bucharest; Springer-Verlag, New York-Berlin},
      YEAR = {1970},
     PAGES = {415},
   MRCLASS = {41.60},
  MRNUMBER = {0270044 (42 \#4937)},
NOTE={Translated from the Romanian by Radu Georgescu},}


@book {Ste70,
    AUTHOR = {Stein, E.M.},
     TITLE = {Singular integrals and differentiability properties of
              functions},
    SERIES = {Princeton Mathematical Series},
   VOLUME={30},
 PUBLISHER = {Princeton University Press, Princeton, N.J.},
      YEAR = {1970},
     PAGES = {xiv+290},
   MRCLASS = {46.38 (26.00)},
  MRNUMBER = {0290095 (44 \#7280)},
MRREVIEWER = {R. E. Edwards},}
		


W====================================================================================



@article {Wal34,
    AUTHOR = {Walsh, J.L.},
     TITLE = {On approximation to an analytic function by rational functions
              of best approximation},
   JOURNAL = {Math. Z.},
  FJOURNAL = {Mathematische Zeitschrift},
    VOLUME = {38},
      YEAR = {1934},
    NUMBER = {1},
     PAGES = {163--176},
      ISSN = {0025-5874},
     CODEN = {MAZEAX},
   MRCLASS = {Contributed Item},
  MRNUMBER = {1545445},
       DOI = {10.1007/BF01170632},
       URL = {http://dx.doi.org/10.1007/BF01170632},
}


@book {WZ77,
    AUTHOR = {Wheeden, R.L. and Zygmund, A.},
Series = { Pure and Applied Mathematics},
     TITLE = {Measure and integral - An introduction to real analysis},
      Volume={43},
 PUBLISHER = {Marcel Dekker, Inc., New York-Basel},
      YEAR = {1977},
     PAGES = {x+274},
      ISBN = {0-8247-6499-4},
   MRCLASS = {28-01 (26-01 42-01)},
  MRNUMBER = {0492146 (58 \#11295)},
MRREVIEWER = {M. de Guzman},}



Y==================================================================================


@article{Yan,
	Author = {Yan, P.},
	Coden = {JMANAK},
	Doi = {10.1016/S0022-247X(03)00383-4},
	Fjournal = {Journal of Mathematical Analysis and Applications},
	Issn = {0022-247X},
	Journal = {J. Math. Anal. Appl.},
	Mrclass = {34C25 (34B15)},
	Mrnumber = {2000145 (2004f:34064)},
	Mrreviewer = {Anna Capietto},
	Number = {1},
	Pages = {141--154},
	Title = {Nonresonance for one-dimensional {$p$}-{L}aplacian with regular restoring},
	Url = {http://dx.doi.org/10.1016/S0022-247X(03)00383-4},
	Volume = {285},
	Year = {2003},
	Bdsk-Url-1 = {http://dx.doi.org/10.1016/S0022-247X(03)00383-4}}


@article {Yan03,
    AUTHOR = {Yan, Yaqiang},
     TITLE = {Relationship between {M}atuszewska-{O}rlicz, {S}emenov and
              {S}imonenko indices of {$\phi$}-functions},
   JOURNAL = {Publ. Inst. Math. (Beograd) (N.S.)},
  FJOURNAL = {Institut Math\'ematique. Publications. Nouvelle S\'erie},
    VOLUME = {73(87)},
      YEAR = {2003},
     PAGES = {139--147},
      ISSN = {0350-1302},
   MRCLASS = {46E30},
  MRNUMBER = {2068246 (2005d:46065)},
MRREVIEWER = {Alberto Fiorenza},
       DOI = {10.2298/PIM0373139Y},
       URL = {http://dx.doi.org/10.2298/PIM0373139Y},}

============================================

