@preamble{
   "\def\cprime{$'$} "}



@article{ABGMS2015,
  author = 	 {{A}cinas, S. and {B}uri, L.  and Giubergia, G. and Mazzone, F.
              and Schwindt, E.},
  title = 	 {Some existence results on periodic solutions of 
{E}uler-{L}agrange equations in an {O}rlicz-{S}obolev space setting},
  journal = 	 {Nonlinear Analysis, TMA.},
  year = 	 {2015},
volume = "125",
number = "",
pages = "681 - 698",
year = "2015",
note = "",
issn = "0362-546X",
}




@article {AGMS,
    AUTHOR = {Acinas, S. and Giubergia, G. and Mazzone, F.
              and Schwindt, E.},
     TITLE = {On estimates for the period of solutions of equations
              involving the {$\phi$}-{L}aplace operator},
   JOURNAL = {J. Abstr. Differ. Equ. Appl.},
  FJOURNAL = {Journal of Abstract Differential Equations and Applications},
    VOLUME = {5},
      YEAR = {2014},
    NUMBER = {1},
     PAGES = {21--34},
}


@book {adams_sobolev,
    AUTHOR = {Adams, R. and Fournier, J.},
     TITLE = {Sobolev spaces},
  PUBLISHER = {Elsevier/Academic Press, Amsterdam},
      YEAR = {2003},
}


@book {ambrosetti,
    AUTHOR = {Ambrosetti, A. and Prodi, G.},
     TITLE = {A primer of nonlinear analysis},
 PUBLISHER = {Cambridge University Press, Cambridge},
      YEAR = {1995},
}


@article {C-2007,
    AUTHOR = {Bereanu, C. and Mawhin, J.},
     TITLE = {Existence and multiplicity results for some nonlinear problems
              with singular {$\phi$}-{L}aplacian},
   JOURNAL = {J. Differential Equations},
  FJOURNAL = {Journal of Differential Equations},
    VOLUME = {243},
      YEAR = {2007},
    NUMBER = {2},
     PAGES = {536--557},
}


@article {C-2009,
    AUTHOR = {Bereanu, C. and Mawhin, J.},
     TITLE = {Nonhomogeneous boundary value problems for some nonlinear
              equations with singular {$\phi$}-{L}aplacian},
   JOURNAL = {J. Math. Anal. Appl.},
  FJOURNAL = {Journal of Mathematical Analysis and Applications},
      YEAR = {2009},
  VOLUME = {352},
    NUMBER = {1},
     PAGES = {218--233},
}


@article {Cristia-2008,
    AUTHOR = {Bereanu, C. and Mawhin, J.},
     TITLE = {Periodic solutions of nonlinear perturbations of
              {$\phi$}-{L}aplacians with possibly bounded {$\phi$}},
   JOURNAL = {Nonlinear Anal.},
  FJOURNAL = {Nonlinear Analysis. Theory, Methods \& Applications. An
              International Multidisciplinary Journal. Series A: Theory and
              Methods},
    VOLUME = {68},
      YEAR = {2008},
    NUMBER = {6},
     PAGES = {1668--1681},
}


@article {cianchi2000fully,
    AUTHOR = {Cianchi, A.},
     TITLE = {A fully anisotropic {S}obolev inequality},
   JOURNAL = {Pacific J. Math.},
  FJOURNAL = {Pacific Journal of Mathematics},
    VOLUME = {196},
      YEAR = {2000},
    NUMBER = {2},
     PAGES = {283--295},
}


@article {cianchi2000local,
    AUTHOR = {Cianchi, A.},
     TITLE = {Local boundedness of minimizers of anisotropic functionals},
   JOURNAL = {Ann. Inst. H. Poincar\'e Anal. Non Lin\'eaire},
  FJOURNAL = {Annales de l'Institut Henri Poincar\'e. Analyse Non
              Lin\'eaire},
    VOLUME = {17},
      YEAR = {2000},
    NUMBER = {2},
     PAGES = {147--168},
}


@incollection {cianchi1999some,
    AUTHOR = {Cianchi, A.},
     TITLE = {Some results in the theory of {O}rlicz spaces and applications
              to variational problems},
 BOOKTITLE = {Nonlinear analysis, function spaces and applications, {V}ol. 6
              ({P}rague, 1998)},
     PAGES = {50--92},
 PUBLISHER = {Acad. Sci. Czech Repub., Prague},
      YEAR = {1999},
}



@article {cianchi1999gradient,
    AUTHOR = {Cianchi, A. and Fusco, N.},
     TITLE = {Gradient regularity for minimizers under general growth
              conditions},
   JOURNAL = {J. Reine Angew. Math.},
  FJOURNAL = {Journal f\"ur die Reine und Angewandte Mathematik},
    VOLUME = {507},
      YEAR = {1999},
     PAGES = {15--36},
}


@misc {claverooptimal,
   author = {Clavero, N.},
   title = {Optimal {S}obolev embeddings and {F}unction {S}paces},
   year = {2011},
   note={Last accessed: 2014-12-22.},
  howpublished = {\url{http://www.maia.ub.edu/~soria/sobolev1.pdf}},
 }


@misc {driver,
   author = {Driver, B.},
   title = {Analysis Tools with Applications},
   year = {2003},
   note={Last accessed: 2014-12-22.},
  howpublished = {\url{http://www.math.ucsd.edu/~bdriver/231-02-03/Lecture_Notes/PDE-Anal-Book/analpde1.pdf}}
  }
 





@article {edmunds2000optimal,
    AUTHOR = {Edmunds, D.  and Kerman, R. and Pick, L.},
     TITLE = {Optimal {S}obolev imbeddings involving rearrangement-invariant
              quasinorms},
   JOURNAL = {J. Funct. Anal.},
  FJOURNAL = {Journal of Functional Analysis},
    VOLUME = {170},
      YEAR = {2000},
    NUMBER = {2},
     PAGES = {307--355},
}


@book {ekeland1999convex,
    AUTHOR = {Ekeland, I. and T{\'e}mam, R.},
     TITLE = {Convex analysis and variational problems},
 PUBLISHER = {Society for Industrial and Applied Mathematics (SIAM),
              Philadelphia, PA},
      YEAR = {1999},
}




@article {FK97,
    AUTHOR = {Fiorenza, A. and Krbec, M.},
     TITLE = {Indices of {O}rlicz spaces and some applications},
   JOURNAL = {Comment. Math. Univ. Carolin.},
  FJOURNAL = {Commentationes Mathematicae Universitatis Carolinae},
    VOLUME = {38},
      YEAR = {1997},
    NUMBER = {3},
     PAGES = {433--451},
      ISSN = {0010-2628},
     CODEN = {CMUCAA},
   MRCLASS = {46E30 (26A12 42B20)},
  MRNUMBER = {1485066 (99b:46032)},
MRREVIEWER = {Ha Huy Bang},}


@article{GP77,
	Author = {Gustavsson, J. and Peetre, J.},
	Journal = {Studia Mathematica},
	Language = {eng},
	Number = {1},
	Pages = {33-59},
	Publisher = {Institute of Mathematics Polish Academy of Sciences},
	Title = {Interpolation of {O}rlicz spaces},
	Url = {http://eudml.org/doc/218150},
	Volume = {60},
	Year = {1977},
	Bdsk-Url-1 = {http://eudml.org/doc/218150}}



  
@article {M-1999,
    AUTHOR = {Garc{\'{\i}}a-Huidobro, M. and Le, V. and Man{\'a}sevich,
              R. and Schmitt, K.},
     TITLE = {On principal eigenvalues for quasilinear elliptic differential
              operators: an {O}rlicz-{S}obolev space setting},
   JOURNAL = {NoDEA Nonlinear Differential Equations Appl.},
  FJOURNAL = {NoDEA. Nonlinear Differential Equations and Applications},
    VOLUME = {6},
      YEAR = {1999},
    NUMBER = {2},
     PAGES = {207--225},
}
		

@article {hudzik2000amemiya,
    AUTHOR = {Hudzik, H. and Maligranda, L.},
     TITLE = {Amemiya norm equals {O}rlicz norm in general},
   JOURNAL = {Indag. Math. (N.S.)},
  FJOURNAL = {Koninklijke Nederlandse Akademie van Wetenschappen.
              Indagationes Mathematicae. New Series},
    VOLUME = {11},
      YEAR = {2000},
    NUMBER = {4},
     PAGES = {573--585},

}

@article {kato1964demicontinuity,
    AUTHOR = {Kato, T.},
     TITLE = {Demicontinuity, hemicontinuity and monotonicity},
   JOURNAL = {Bull. Amer. Math. Soc.},
  FJOURNAL = {Bulletin of the American Mathematical Society},
    VOLUME = {70},
      YEAR = {1964},
     PAGES = {548--550},
}


@article {kerman2006optimal,
    AUTHOR = {Kerman, R. and Pick, L.},
     TITLE = {Optimal {S}obolev imbeddings},
   JOURNAL = {Forum Math.},
  FJOURNAL = {Forum Mathematicum},
    VOLUME = {18},
      YEAR = {2006},
    NUMBER = {4},
     PAGES = {535--570},
}



@book {KR,
    AUTHOR = {Krasnosel{\cprime}ski{\u\i}, M. A. and Ruticki{\u\i}, Ja. B.},
     TITLE = {Convex functions and {O}rlicz spaces},
 PUBLISHER = {P. Noordhoff Ltd., Groningen},
      YEAR = {1961},
}

@book {M,
    AUTHOR = {Maligranda, L.},
     TITLE = {Orlicz spaces and interpolation},
    SERIES = {Semin\'arios de Matem\'atica [Seminars in Mathematics]},
    VOLUME = {5},
 PUBLISHER = {Universidade Estadual de Campinas, Departamento de
              Matem\'atica, Campinas},
      YEAR = {1989},
}


@article {manasevich2000boundary,
    AUTHOR = {Man{\'a}sevich, R. and Mawhin, J.},
     TITLE = {Boundary value problems for nonlinear perturbations of vector
              {$p$}-{L}aplacian-like operators},
   JOURNAL = {J. Korean Math. Soc.},
  FJOURNAL = {Journal of the Korean Mathematical Society},
    VOLUME = {37},
      YEAR = {2000},
    NUMBER = {5},
     PAGES = {665--685},
}


@article {manasevich1998periodic,
    AUTHOR = {Man{\'a}sevich, R. and Mawhin, J.},
     TITLE = {Periodic solutions for nonlinear systems with
              {$p$}-{L}aplacian-like operators},
   JOURNAL = {J. Differential Equations},
  FJOURNAL = {Journal of Differential Equations},
    VOLUME = {145},
      YEAR = {1998},
    NUMBER = {2},
     PAGES = {367--393},
}


@book {mawhin2010critical,
    AUTHOR = {Mawhin, J. and Willem, M.},
     TITLE = {Critical point theory and {H}amiltonian systems},
 PUBLISHER = {Springer-Verlag, New York},
      YEAR = {1989},
}


@book {rao1991theory,
    AUTHOR = {Rao, M. M. and Ren, Z. D.},
     TITLE = {Theory of {O}rlicz spaces},
    VOLUME = {146},
 PUBLISHER = {Marcel Dekker, Inc., New York},
      YEAR = {1991},
}


@book {2002applications,
    AUTHOR = {Rao, M. M. and Ren, Z. D.},
     TITLE = {Applications of {O}rlicz spaces},
 PUBLISHER = {Marcel Dekker, Inc., New York},
      YEAR = {2002},
}




@book {rockafellar2009variational,
    AUTHOR = {Rockafellar, R. T. and Wets, R.},
     TITLE = {Variational analysis},
 PUBLISHER = {Springer-Verlag, Berlin},
      YEAR = {1998},
}


@article {Orliczvectorial2005,
    AUTHOR = {Schappacher, G.},
     TITLE = {A notion of {O}rlicz spaces for vector valued functions},
   JOURNAL = {Appl. Math.},
  FJOURNAL = {Applications of Mathematics},
    VOLUME = {50},
      YEAR = {2005},
    NUMBER = {4},
     PAGES = {355--386},
}



@book {struwe2008variational,
    AUTHOR = {Struwe, M.},
     TITLE = {Variational methods},
 PUBLISHER = {Springer-Verlag, Berlin},
      YEAR = {2008},
}



@article {tang1998periodic,
    AUTHOR = {Tang, C.-L.},
     TITLE = {Periodic solutions for nonautonomous second order systems with
              sublinear nonlinearity},
   JOURNAL = {Proc. Amer. Math. Soc.},
  FJOURNAL = {Proceedings of the American Mathematical Society},
    VOLUME = {126},
      YEAR = {1998},
    NUMBER = {11},
     PAGES = {3263--3270},
}


@article {tang1995periodic,
    AUTHOR = {Tang, C.-L.},
     TITLE = {Periodic solutions of non-autonomous second order systems with
              {$\gamma$}-quasisubadditive potential},
   JOURNAL = {J. Math. Anal. Appl.},
  FJOURNAL = {Journal of Mathematical Analysis and Applications},
    VOLUME = {189},
      YEAR = {1995},
    NUMBER = {3},
     PAGES = {671--675},
}



@article {tang2001periodic,
    AUTHOR = {Tang, C.  -L.  and Wu, X.-P.},
     TITLE = {Periodic solutions for second order systems with not uniformly
              coercive potential},
   JOURNAL = {J. Math. Anal. Appl.},
  FJOURNAL = {Journal of Mathematical Analysis and Applications},
    VOLUME = {259},
      YEAR = {2001},
    NUMBER = {2},
     PAGES = {386--397},
}



@article {tang2010periodic,
    AUTHOR = {Tang, X.      and Zhang, X.},
     TITLE = {Periodic solutions for second-order {H}amiltonian systems with
              a {$p$}-{L}aplacian},
   JOURNAL = {Ann. Univ. Mariae Curie-Sk\l odowska Sect. A},
  FJOURNAL = {Annales Universitatis Mariae Curie-Sk\l odowska. Sectio A.
              Mathematica},
    VOLUME = {64},
      YEAR = {2010},
    NUMBER = {1},
     PAGES = {93--113},
}


@article {Tian2007192,
    AUTHOR = {Tian, Y. and Ge, W.},
     TITLE = {Periodic solutions of non-autonomous second-order systems with
              a {$p$}-{L}aplacian},
   JOURNAL = {Nonlinear Anal.},
  FJOURNAL = {Nonlinear Analysis. Theory, Methods \& Applications. An
              International Multidisciplinary Journal. Series A: Theory and
              Methods},
    VOLUME = {66},
      YEAR = {2007},
    NUMBER = {1},
     PAGES = {192--203},
}


@article {wu1999periodic,
    AUTHOR = {Wu, X.-P.   and Tang, C.-L.},
     TITLE = {Periodic solutions of a class of non-autonomous second-order
              systems},
   JOURNAL = {J. Math. Anal. Appl.},
  FJOURNAL = {Journal of Mathematical Analysis and Applications},
    VOLUME = {236},
      YEAR = {1999},
    NUMBER = {2},
     PAGES = {227--235},
}



@article {xu2007some,
    AUTHOR = {Xu, B. and Tang, C.-L.},
     TITLE = {Some existence results on periodic solutions of ordinary
              {$p$}-{L}aplacian systems},
   JOURNAL = {J. Math. Anal. Appl.},
  FJOURNAL = {Journal of Mathematical Analysis and Applications},
    VOLUME = {333},
      YEAR = {2007},
    NUMBER = {2},
     PAGES = {1228--1236},
}


@article {ye2008periodic,
    AUTHOR = {Ye, Y.-W. and Tang, C.-L.},
     TITLE = {Periodic solutions for some nonautonomous second order
              {H}amiltonian systems},
   JOURNAL = {J. Math. Anal. Appl.},
  FJOURNAL = {Journal of Mathematical Analysis and Applications},
    VOLUME = {344},
      YEAR = {2008},
    NUMBER = {1},
     PAGES = {462--471},
}



@article {zhao2004periodic,
    AUTHOR = {Zhao, F. and Wu, X.},
     TITLE = {Periodic solutions for a class of non-autonomous second order
              systems},
   JOURNAL = {J. Math. Anal. Appl.},
  FJOURNAL = {Journal of Mathematical Analysis and Applications},
    VOLUME = {296},
      YEAR = {2004},
    NUMBER = {2},
     PAGES = {422--434},
}



@book{fonseca2007modern,
  title={Modern Methods in the Calculus of Variations: L\^{}p Spaces},
  author={Fonseca, I. and Leoni, G.},
  series={Springer Monographs in Mathematics},
  year={2007},
  publisher={Springer},}

@book{clarke1990optimization,
  title={Optimization and Nonsmooth Analysis},
  author={Clarke, F.H.},
  series={Classics in Applied Mathematics},
  year={1990},
  publisher={SIAM, Philadelphia},
}



@book{erdelyi,
   title =     {Asymptotic expansions},
   author =    {A. Erdelyi},
   publisher = {Dover Publications},
   year =      {2010},
}




@book{Conway1977,
  author       = {J. B. Conway},
  title        = {A Course in Functional Analysis},
  publisher    = {Springer},
  address      = {USA},
  year         = {1977}
}
